2964 5010
1208 420 1249 483 43

138 611 224 677 quae
242 589 329 652 lecte
346 586 499 650 continuo
512 586 546 649 in
564 585 650 650 hunc
666 586 735 650 scre
753 585 884 651 modum
901 608 1027 650 mecum
1046 587 1251 651 emendatum

139 690 221 756 ibis:
245 683 400 772 ὠνόμασε
418 683 574 769 φιάλας
594 682 652 764 τὰς
670 683 809 769 ἐχούσας
827 681 911 751 ἄνευ
926 685 1127 770 προσώπων,
1142 682 1251 754 ὁποῖοι
1272 713 1275 729 ι

36 875 38 880 ,
140 792 176 856 ol
200 787 300 856 θόλοι
322 789 360 855 ἐν
381 800 451 867 τοῖς
472 793 674 874 βαλανείοις.
712 783 733 873 ἦ
754 782 832 854 ιἰπό
853 792 922 853 τῶν
942 783 1106 872 ὀμφαλῶν
1127 792 1195 853 τῶν
1214 788 1252 854 ἐν

141 903 211 970 τοῖς
246 895 447 974 γυναικείοις
481 891 634 975 πυέλοις,
669 890 741 955 coll.
777 890 928 955 Eustath.
960 913 993 976 p.
1030 892 1106 954 1291
1143 890 1251 957 Bekk.

142 994 277 1062 arrecdd.
301 995 318 1058 Ι
338 997 409 1078 225,
426 999 455 1060 6.
479 995 588 1081 Atque
610 988 801 1074 ὀφθαλμῶν
823 991 1012 1071 iamdudum
1035 991 1177 1079 explosit
1197 993 1252 1058 So·

140 1098 288 1184 pingius,
320 1097 483 1185 Guyetns.
530 1096 680 1161 Ceterum
713 1094 754 1158 de
786 1095 913 1160 consus.
937 1116 1029 1159 voce.
1051 1087 1201 1178 ὀμφαλοί
1221 1103 1253 1158 et

141 1193 317 1282 ὀφθαλμοί
334 1198 376 1263 cl.
396 1198 533 1264 Gesner.
557 1199 600 1263 ad
616 1196 737 1283 Agath.
761 1218 813 1284 ap.
832 1195 923 1261 Stob.
942 1196 1013 1260 flor.
1032 1197 1083 1260 tit.
1110 1196 1136 1260 Ο
1166 1200 1198 1277 g.
1214 1201 1251 1258 lo

139 1324 171 1366 n.
189 1324 218 1366 e.
242 1299 370 1366 Iacobs.
394 1301 436 1365 od
454 1300 536 1365 Ach.
556 1300 629 1364 Tat.
651 1323 683 1387 p.
702 1299 804 1365 4030
828 1299 981 1363 Philostr.
1004 1300 1104 1382 imag.
1126 1319 1159 1383 p.
1174 1301 1253 1378 7743

140 1402 181 1468 de
208 1402 295 1467 conf.
326 1399 381 1466 ἐπὶ
408 1411 441 1465 et
467 1397 533 1467 ἀπὸ
568 1401 768 1486 Wesseling.
796 1400 840 1465 ad
860 1399 960 1465 Diod.
983 1400 1000 1463 Ι
1025 1423 1057 1486 p.
1082 1401 1160 1482 203,
1190 1400 1249 1461 721

138 1503 260 1570 Markl.
292 1504 336 1569 ad
361 1501 442 1568 Eur.
465 1502 571 1589 suppl.
598 1508 659 1567 644
690 1502 820 1567 Schaef.
850 1502 892 1566 ad
919 1502 984 1588 Ap.
1011 1502 1266 1586 1111061326,-

140 1610 200 1670 344
224 1605 386 1670 meletem.
408 1605 494 1670 critt.
516 1627 550 1691 p.
573 1607 625 1669 93.
671 1603 760 1684 Quid
782 1604 905 1689 igitur?
928 1602 1029 1669 habes
1049 1604 1253 1692 Hesychium

140 1717 172 1773 et
191 1704 398 1773 Athenaeum
420 1708 456 1770 in
478 1727 604 1771 summa
625 1728 733 1770 rerum
755 1727 821 1770 non
842 1705 938 1770 modo
959 1705 1001 1769 ad
1023 1705 1160 1771 verbum
1179 1729 1252 1770 con-

140 1807 306 1891 sinentes,
338 1810 398 1873 sed
426 1807 695 1894 lexicographum
717 1807 815 1870 etiam
834 1805 957 1894 aliquot
978 1807 1089 1873 verbis
1111 1807 1253 1894 locuple·

138 1914 257 1978 tiorem
278 1910 566 1997 Deipnosophista.
611 1911 660 1972 Αο
679 1907 826 1996 profecto
849 1907 1024 1974 verborum
1045 1904 1129 1975 ἄνευ
1150 1931 1253 1996 προς-

138 2008 243 2079 ολπων
275 2033 314 2076 ea
348 2024 397 2077 est
427 2012 594 2093 condicio,
625 2019 662 2075 ut
693 2009 857 2075 hominem
881 2010 969 2077 haud
997 2011 1164 2077 indoctum
1189 2011 1251 2077 tibi

139 2115 297 2181 exaudire
326 2114 476 2196 videare,
502 2115 571 2200 qui,
601 2135 643 2176 ne
669 2114 722 2177 oui
745 2116 998 2196 προςωπούτται
1034 2113 1193 2202 (ο1.Ηοι.
1216 2113 1251 2177 11

142 2221 222 2282 1056
244 2225 277 2280 et
299 2214 382 2279 Poll.
404 2237 437 2301 p.
461 2219 502 2280 66
524 2214 648 2299 Bekk.)
671 2216 705 2278 in
728 2224 868 2279 mentem
892 2217 1006 2281 venire
1028 2225 1177 2304 possent,
1200 2215 1252 2281 his

138 2321 219 2408 ipsis
250 2317 362 2384 verbis
392 2318 528 2383 adiectis
559 2327 690 2382 cautum
719 2339 791 2382 esse
821 2318 936 2383 voluit.
981 2318 1080 2382 Hunc
1107 2328 1144 2383 ut
1172 2319 1252 2383 Era-

138 2421 322 2487 tosthenem
342 2419 445 2485 fuisse
466 2421 597 2485 credam
620 2429 677 2485 aut
695 2419 926 2506 Asclepiadem
946 2420 1169 2508 Myrleanum,
1204 2444 1252 2485 re-

138 2524 283 2589 luctante
300 2523 510 2587 Naucratitae
529 2524 725 2606 testimonio,
749 2545 769 2586 a
786 2530 842 2586 'me
864 2544 931 2586 non
946 2521 1094 2605 obtineo,
1115 2522 1252 2608 Didymi

138 2648 197 2691 nos
230 2625 487 2690 additamentum
512 2624 623 2708 legere
648 2625 935 2711 persuasissimum
955 2622 1078 2705 habeo,
1108 2624 1252 2709 priorum

139 2728 316 2793 sententias
338 2749 404 2791 non
426 2725 522 2790 modo
537 2726 572 2788 in
587 2725 735 2790 ordinem
750 2725 940 2808 redigentis,
961 2723 1019 2789 sed
1035 2723 1141 2789 obiter
1155 2725 1252 2789 etiam

139 2828 352 2894 emendantis.
397 2826 483 2890 Nam
511 2835 568 2891 aut
600 2825 807 2911 Pamphilum
839 2834 896 2889 aut
925 2826 1168 2911 Diogenianum
1197 2836 1254 2892 aut

139 2933 280 3018 denique
297 2928 501 3016 Hesychium
529 2926 610 2991 haec
631 2927 671 2992 de
694 2928 762 2992 suis
784 2926 951 2993 addidisse
973 2950 1088 3016 pamm
1111 2936 1162 2992 est
1183 2950 1250 2993 cre·

139 3032 250 3098 dibile.
285 3031 433 3114 Accedit,
456 3029 543 3118 quod
564 3038 668 3096 totum
690 3019 851 3118 Hesychii
871 3030 977 3096 locum
1000 3053 1018 3096 e
1039 3030 1178 3118 Didymi
1200 3054 1251 3119 007

137 3136 200 3223 piis
222 3134 403 3222 profectum
425 3154 498 3197 esse
524 3135 559 3196 in
576 3155 677 3199 unum
697 3134 856 3199 conflatae
876 3133 1114 3218 Eratosthenis,
1138 3135 1250 3201 Ascle-

136 3235 244 3323 piadis
268 3244 300 3299 et
321 3234 564 3322 Lycophronis,
595 3259 691 3323 quem
720 3234 850 3301 silentio
869 3239 1047 3324 praeterire
1069 3235 1250 3326 Didymum

137 3337 282 3402 noluisse
300 3336 487 3401 Athenaeus
510 3339 603 3402 testis
623 3347 681 3421 est,
701 3338 843 3404 clamant
865 3343 1057 3405 sententiae.
1091 3338 1157 3404 Sed
1172 3339 1251 3426 quid

137 3440 254 3503 attinet
276 3438 338 3503 hoc
358 3438 471 3503 verbis
493 3440 659 3526 amplecti,
693 3441 784 3506 cuius
806 3443 857 3508 vis
879 3450 969 3507 tenta
989 3451 1053 3525 est,
1072 3449 1109 3507 ut
1128 3441 1252 3504 nemini

138 3564 204 3605 non
223 3541 364 3628 primum
387 3539 468 3605 haec
489 3542 574 3606 inter
593 3563 628 3606 se
650 3543 833 3609 conferenti
854 3546 1042 3611 testimonia
1064 3541 1202 3607 eandem
1218 3562 1254 3606 se

138 3644 321 3707 insinuasse
357 3644 551 3710 sententiam
565 3645 822 3731 spoponderim.
879 3646 1034 3712 Ceterum
1069 3642 1119 3708 illi
1153 3641 1253 3707 Athe

136 3743 210 3807 naei
232 3743 457 3832 Hesychiique
490 3746 553 3811 loci
581 3745 636 3811 vel
666 3768 704 3810 eo
736 3749 879 3811 maxime
910 3744 1140 3812 memorabiles
1168 3754 1253 3826 sunt,

136 3845 241 3933 quod,
264 3845 360 3934 quale
382 3847 514 3912 tandem
537 3847 636 3911 fuerit
656 3846 795 3932 Didymi
815 3846 850 3908 in
872 3847 979 3910 lexico
1001 3846 1171 3910 condendo
1193 3848 1251 3911 mi·

136 3947 324 4032 nisterium,
350 3949 427 4015 inde
452 3950 623 4036 perspicue
644 3948 884 4032 cognoscimus.
928 3945 1106 4031 Videlicet,
1134 3949 1252 4033 princi-

135 4072 214 4135 pum
236 4051 271 4114 in
290 4050 352 4116 hoc
374 4050 613 4118 commentandi
631 4072 754 4137 genere
773 4049 1060 4135 grammaticorum
1075 4051 1253 4116 sententias

135 4215 156 4263 t.
178 4212 218 4262 XI
241 4227 270 4277 p.
289 4212 339 4275 04,
363 4212 435 4263 unde
459 4213 487 4262 in
511 4211 600 4263 Dione
628 4209 724 4276 Chrys.
751 4209 780 4259 ΙΙ
804 4225 830 4274 p.
851 4207 901 4260 773
925 4212 1004 4277 Emp.
1022 4230 1057 4258 =
1077 4226 1116 4260 or.
1136 4210 1250 4261 LXXIX

134 4303 161 4362 ἕ.
179 4301 196 4349 2
223 4300 357 4365 corrigas:
381 4295 448 4347 suiv
466 4288 609 4364 ὀροφῶν
628 4291 678 4354 τὰς
697 4288 775 4346 πάνυ
795 4286 920 4355 παλαιὰς
935 4294 985 4362 τῆς
1003 4286 1092 4362 αὐτῆς
1110 4288 1184 4347 εἶναι
1207 4290 1254 4348 nd·

134 4399 213 4449 ιοας.
250 4387 282 4437 In
301 4386 387 4437 eiusd.
408 4402 447 4437 or.
467 4390 492 4450 g.
512 4387 529 4437 6
547 4402 595 4450 pro
616 4374 700 4434 lalus
722 4373 843 4450 (ἐννοῶν
861 4384 967 4451 Reielr.)
986 4384 1040 4451 leg.
1061 4374 1143 4436 ἔπιόν
1158 4400 1217 4451 μοι.
