2932 5002
267 432 329 495 388

269 599 362 664 Phet.
390 595 471 662 bibl.
496 616 528 680 p.
552 595 628 673 319,
654 594 693 654 10
718 591 827 655 Bekk.
872 588 1022 654 Eandem
1048 587 1247 649 sententiam
1276 584 1389 650 verbis

267 699 434 787 paululum
463 695 594 759 mutatis
622 694 726 757 nostri
752 693 938 756 testimonio
967 688 1108 752 affirmet
1136 697 1179 753 et.
1202 711 1248 751 m.
1274 689 1386 770 327,1

270 800 445 884 ε’λεγεῖα·
461 795 698 876 -Δίδνμος
721 793 768 876 δέ,
790 792 841 858 ὅτι
858 787 913 858 διὰ
927 793 1028 855 τοῦτο
1042 793 1088 876 τῷ
1105 782 1241 876 {pedilupi
1262 787 1390 877 (Gaias.

268 896 382 989 ἡρῴῳ)
412 896 553 984 ἐπῆδον,
577 889 622 970 ὡς
647 890 874 977 πεντάμετρον
897 892 951 957 καλ
973 890 1174 974 λειπόμενον
1193 894 1259 954 τοῦ
1284 885 1392 973 ἡρωϊ-

269 1005 334 1067 κοῦ
355 994 483 1087 (ἡρῴου
492 996 560 1078 G.)‚
578 991 779 1078 μιμούμενοι
794 992 856 1077 τῆν
871 987 1161 1074 ἀποθνησκόντων
1176 987 1390 1056 ἇπόπαυσιν.

269 1102 323 1168 ἐπὶ
353 1097 417 1184 γὰρ
445 1095 562 1182 μόνοις
586 1106 718 1177 νεκροῖς
742 1093 843 1160 πάλαι
873 1089 970 1180 ᾔδετο
999 1088 1084 1174 πρός
1107 1098 1311 1174 παραίνεσιν
1335 1092 1392 1156 καὶ

269 1205 490 1284 παραμυθίαν
512 1202 580 1262 τῶν
601 1200 779 1279 συγγενῶν
801 1196 856 1261 καὶ
879 1199 988 1278 φίλων
1008 1197 1069 1257 τοῦ
1090 1199 1290 1272 τεθνεῶτος.
1326 1195 1391 1259 Ne·

269 1327 332 1390 que
354 1301 508 1366 abhorret
530 1308 572 1362 et.
596 1299 683 1362 Gud.
710 1301 786 1380 180,
812 1303 866 1378 16,
890 1295 1038 1384 quamvis
1063 1295 1097 1358 in
1114 1295 1295 1383 Didymeis
1320 1318 1391 1360 cor-

268 1413 414 1489 ruptum,
442 1401 632 1488 praemissis
654 1399 722 1463 hia:
750 1397 936 1481 Δημολέων
966 1395 1002 1461 δὲ
1028 1397 1066 1461 ἐν
1087 1400 1132 1485 τῷ
1154 1398 1231 1480 περὶ
1254 1398 1390 1482 μέτρων

270 1502 359 1586 παρὰ
388 1497 424 1566 τό
454 1491 493 1567 εὖ
515 1499 626 1584 λέγειν
652 1494 731 1576 τούς
753 1503 941 1575 τεθνεῶτας
964 1491 984 1581 ἢ
1008 1494 1097 1579 παρὰ
1120 1496 1156 1564 τὸ
1181 1501 1304 1583 ἔλεγον
1328 1495 1389 1563 τὸν

270 1607 421 1688 θρῆνον,
455 1624 538 1689 quae
565 1602 653 1667 haud
682 1603 750 1666 seio
780 1623 823 1664 an
844 1600 886 1664 ab
908 1601 979 1686 ipse
1001 1601 1145 1688 Didymo
1165 1601 1321 1687 apposita
1342 1601 1390 1664 in-

269 1706 397 1771 venerit
426 1702 641 1790 etymologus.
668 1741 712 1753 -
736 1701 900 1788 Didymus
930 1700 1164 1767 Chalcenterus
1198 1725 1253 1788 ap.
1283 1700 1388 1766 schel.

269 1808 329 1871 Ar.
358 1806 445 1869 Avv.
474 1807 535 1868 217
570 1807 725 1887 ἔλεγοι·
753 1803 787 1866 ολ
814 1799 898 1882 πρὸς
926 1796 1032 1868 αὐλόν
1062 1799 1221 1891 ᾀδόμενοι
1247 1807 1388 1886 θρῆνοι.

270 1903 330 1972 τὸν
352 1901 416 1989 γὰρ
442 1899 549 1969 αὐλὸν
573 1906 740 1988 πένθιμον
764 1899 985 1985 ὑπειλῆφθαι.
1019 1904 1102 1969 Cum
1123 1906 1174 1989 iis,
1198 1906 1257 1993 qui
1279 1904 1324 1969 ab
1344 1901 1412 1967 ἓέ.

271 2009 380 2089 λέγειν
397 2005 601 2087 derivabant,
618 2006 805 2093 Hesychius
823 2005 932 2069 faeere
946 2005 1077 2071 videtur
1092 2006 1272 2093 νηλέγῳ·
1297 2002 1388 2087 θρή-

269 2130 318 2194 νῳ
340 2099 361 2190 ἢ
383 2108 494 2193 δεινῷ.
540 2105 655 2193 Neque
676 2105 850 2170 defuerunt
877 2106 933 2192 qui
953 2106 1109 2170 Asianum
1138 2107 1297 2173 vocabuli
1326 2108 1389 2172 ori·

270 2208 380 2290 ginem
402 2215 590 2281 statuerent,
612 2217 649 2270 ut
671 2228 774 2293 nuper
790 2206 973 2271 factumest
989 2208 1022 2270 in
1038 2208 1160 2272 annall.
1176 2209 1286 2273 Marb.
1309 2211 1388 2272 1853

271 2307 322 2372 XI
344 2329 376 2394 p.
391 2308 431 2371 88
443 2305 486 2388 D,
506 2331 536 2395 q.
548 2307 570 2371 l.
593 2307 631 2370 Ρ.
646 2304 835 2370 Boettieher
856 2305 1013 2371 Halensis
1033 2309 1106 2373 eoll.
1128 2310 1221 2375 'Aria
1244 2333 1279 2396 p.
1293 2313 1333 2373 34
1345 2309 1387 2373 Ν.

271 2411 307 2471 21
329 2409 457 2491 ἐλεγεία
476 2430 519 2473 ex
529 2410 728 2473 Armeniaca
742 2408 856 2494 lingua
873 2409 1010 2492 derivat,
1028 2410 1236 2497 explicatque
1252 2433 1388 2475 carmen

270 2510 313 2573 ad
336 2533 482 2595 organon
504 2518 588 2589 ελέμα
611 2518 776 2575 cantatum
804 2508 915 2595 (elegn
927 2543 968 2568 ·:.
981 2508 1144 2596 κάλαμος,
1167 2513 1332 2600 elegneay
1345 2546 1389 2574 =

270 2608 453 2696 καλάμινος
476 2606 632 2700 [αὐλός]).

810 2800 829 2860 2

356 2916 465 2982 Schol.
489 2914 572 2979 Plut.
597 2916 701 3001 Legg.
724 2916 790 3003 Ip.
810 2917 914 2980 63611
937 2939 968 3003 p.
985 2919 1046 2980 488
1064 2915 1173 2981 Bekk.
1198 2916 1277 2998 περὶ
1299 2916 1389 2983 Θεό-

269 3019 385 3100 γνιδος
412 3019 551 3104 καὶτῆς
579 3011 653 3081 κατ’
677 3011 782 3081 αὐτόν
805 3018 955 3103 ,λατομίας
978 3012 1161 3102 ἀμφιβολία
1183 3016 1294 3103 πολλῆ
1317 3021 1390 3103 ἐγί-

269 3139 369 3199 γνετο
391 3128 460 3192 τοῖς
482 3124 644 3196 παλαιοῖς.
668 3118 723 3183 καὶ
745 3120 780 3182 οἱ
798 3119 860 3202 μέν
882 3135 988 3201 φασιν
1008 3112 1113 3183 αὐτόν
1136 3118 1171 3182 ἐκ
1194 3121 1389 3204 Μεγαρέων

271 3220 476 3300 γεγενῆσθαι
499 3223 557 3301 τῆς
575 3215 731 3303 Ἀττικῆς.
776 3215 883 3296 οὕτως
906 3214 923 3285 ὁ
947 3222 1136 3302 Δίδυμος
1154 3219 1390 3304 ἐπιφυόμενος

270 3321 315 3406 τῷ
339 3314 496 3383 Πλάτωνι
520 3311 565 3395 ὥς
584 3325 861 3406 παριστομούντι,
883 3323 917 3386 ol
936 3320 972 3386 δὲ
996 3315 1047 3385 ὅτι
1070 3321 1106 3385 ἐκ
1128 3325 1297 3399 Σικελίας.

354 3419 583 3485 Differentiam
611 3420 733 3485 nullam
762 3445 834 3487 esee
862 3432 971 3487 monet
993 3420 1228 3508 Bernhardyue
1252 3423 1301 3489 lit.
1328 3425 1389 3489 Gr.

269 3522 345 3586 hiet.
370 3520 404 3583 II
423 3543 455 3606 p.
479 3524 540 3586 367
563 3522 699 3608 Didymi
721 3522 809 3588 haud
832 3523 962 3588 oblitus.
978 3562 1020 3571 —
1040 3522 1144 3587 Usum
1167 3523 1262 3588 verbi
1284 3548 1388 3604 παρι-

270 3621 823 3703 0109erillustrantSchneidewin.
838 3625 929 3712 Ibye.
943 3648 975 3711 p.
985 3627 1057 3706 384,
1069 3625 1124 3711 qui
1137 3627 1282 3690 conferri
1295 3627 1388 3691 iubet

270 3724 356 3788 Plut.
371 3721 690 3812 plae.philoe.1124
710 3731 860 3812 (subulam
874 3728 1030 3814 narrare),
1049 3726 1194 3791 Meinek.
1210 3727 1256 3790 ad
1272 3726 1388 3816 Steph.

269 3827 346 3908 258,
374 3827 392 3887 2
425 3829 471 3912 (v.
502 3825 659 3891 Ritscbel.
688 3829 745 3892 Or.
768 3852 799 3913 p.
823 3829 888 3914 59),
917 3832 973 3917 qui
994 3829 1095 3894 achel.
1119 3827 1259 3891 Theoer.
1283 3854 1306 3893 α
1331 3835 1389 3893 117

268 3924 365 4007 Hem.
386 3925 426 3989 Il.
448 3931 476 3991 B
493 3932 553 3991 745
577 3927 671 3992 Phot.
695 3928 782 3992 Bibl.
804 3952 836 4016 p.
851 3931 900 4011 82,
919 3933 958 3994 26
978 3933 1139 4018 apposuit.
1167 3929 1266 3995 Adde
1283 3930 1388 3995 schol.

269 4026 366 4090 Hom.
394 4030 503 4091 8612
532 4027 641 4114 Apoll.
670 4029 775 4094 Rhod.
805 4030 838 4093 ΙΙ
864 4034 923 4093 161)
944 4054 977 4117 p.
1004 4034 1066 4096 133
1097 4030 1228 4095 Schaef.
1259 4039 1391 4119 (‘obiter

267 4135 419 4192 κόττανα
451 4126 586 4193 Corrad.
621 4129 664 4193 ad
696 4129 765 4194 Cic.
794 4155 843 4218 ep.
873 4133 919 4200 ad
943 4135 1010 4198 Att.
1038 4132 1088 4195 VI
1118 4137 1131 4196 1
1163 4133 1202 4196 Τ.
1227 4134 1302 4221 lp.
1327 4138 1392 4199 598

269 4226 406 4314 Graev.)
429 4228 463 4291 ll
483 4232 544 4291 752
566 4253 598 4315 p.
621 4235 681 4295 561
702 4232 854 4297 Damaso.
880 4234 1008 4299 Platon.
1031 4258 1062 4322 p.
1079 4238 1184 4317 386,5
1208 4236 1261 4300 ed.
1276 4236 1391 4324 Kopp.

266 4356 310 4383 =
330 4353 362 4415 p.
388 4331 449 4391 257
473 4330 544 4395 ced.
568 4331 687 4396 Hamb.
733 4332 806 4398 Ηοο
825 4335 1182 4401 vocabulum'fertaaee
1209 4338 1393 4425 expulsum
