2962 5024
252 372 313 434 198
709 370 903 429 -θ-

336 537 410 597 347.
432 499 636 616 πόρσυνε·
659 553 712 613 χρ.
735 526 937 615 πόρσανε,
959 529 996 595 έν
1017 524 1364 614 refelleret-(ulti-

250 659 322 703 mae
344 635 457 700 literae
479 633 671 720 abscissae).
695 631 767 696 Pal.

792 804 827 862 θ.

337 942 389 1001 55.
410 937 551 1020 νοτίφ·
572 928 815 1015 Ἀριστοφάνης
837 932 971 1019 νοδίφ.
994 931 1087 996 Harl.
1125 931 1178 996 Of.
1203 934 1223 995 δ
1245 935 1319 996 785.

337 1043 390 1103 67.
426 1035 634 1118 κρέμασεν
667 1029 896 1117 φόρμιγγα·
943 1029 1050 1110 οὕτως
1083 1038 1119 1099 αι’
1146 1029 1365 1118 Ἀριστάρχου

253 1138 312 1226 (cf.
332 1131 427 1202 Harl.
452 1135 495 1200 ad
521 1136 606 1216 105).
647 1127 890 1216 Ἀριστοφάνης
919 1133 1002 1219 (dep
1033 1135 1167 1222 δῆσε(ν)
1191 1131 1366 1219 φόρμιγγα

254 1238 342 1324 (οοδ.
364 1236 425 1321 γι).
447 1236 541 1301 Harl.
575 1236 703 1301 Nauck.
727 1259 759 1321 p.
780 1239 820 1298 50
843 1234 964 1300 laudat.

338 1360 389 1421 81.
413 1358 464 1421 82.
505 1352 543 1420 έν
576 1355 679 1433 ἐνίαις
705 1357 774 1420 τῶν
800 1351 968 1418 έκδόσεων
999 1346 1063 1417 οὐκ
1092 1352 1264 1436 ἐφέροντο.
1309 1348 1365 1417 διὸ

254 1451 469 1525 άθετοῦνται.
491 1456 535 1521 Η.

339 1560 390 1622 92.
426 1551 712 1640 δἈριστοφάνης
740 1550 824 1633 αἶψ’
846 1549 1042 1631 Ὀδυσεύς
1067 1552 1200 1639 γράφει.
1234 1558 1278 1621 Η.
1310 1556 1364 1621 Of.

254 1660 349 1725 ι485
368 1661 476 1723 κ395.

208 1792 210 1795 ’
338 1781 389 1843 98.
412 1771 547 1859 ’θνμδν
566 1774 780 1860 κεκορήμεθα
796 1772 922 1859 δαιτός,
941 1777 977 1840 oi
988 1771 1093 1842 ἄλλοι.
1114 1776 1179 1841 Sed
1197 1775 1365 1861 vulgatam

254 1881 374 1945 retinet
393 1877 637 1942 Aristarchus'
660 1879 753 1943 Pors.

343 1982 413 2042 105.
438 1976 491 2041 Of.
515 1980 566 2041 67.

344 2079 414 2142 142.
446 2071 526 2140 οὔτε
544 2071 755 2161 Ἀρίσταρχος
783 2074 862 2144 οὔτε
886 2075 1128 2165 Ἀριστοφάνης
1152 2075 1231 2144 οὔτε
1253 2078 1366 2163 Ζηνό-

255 2182 353 2256 δοτος
373 2178 565 2243 ἐπίστανται
587 2179 709 2241 τοῦτον
731 2174 792 2244 τδν
812 2185 934 2263 στίχον.
958 2180 1051 2244 Harl.

315 2314 318 2321 ·
343 2299 413 2361 163.
439 2296 658 2381 Ambiguum,
679 2305 788 2361 utrum
808 2300 954 2386 Didymo
976 2322 1018 2363 an
1038 2299 1223 2363 Aristonico
1246 2299 1366 2363 debea-

255 2409 324 2464 tur:
355 2396 558 2485 probabilius
581 2408 691 2462 tamen
719 2398 795 2463 huic
817 2401 1030 2488 adscripseris
1052 2408 1184 2486 propter
1205 2422 1277 2464 voc.
1303 2417 1366 2483 ση-

255 2505 424 2585 μειοῦται,
451 2498 539 2585 quod
561 2488 688 2563 Naucln.
710 2525 742 2588 p.
768 2506 825 2584 50,
848 2506 887 2566 65
911 2504 944 2565 in
967 2494 1185 2583 δσημείωσαι
1207 2501 1365 2565 mutabat.

341 2621 413 2683 251.
451 2615 641 2700 Ζηνόδοτος
669 2621 874 2683 παίσατον
897 2615 1005 2702 εἶπεν,
1039 2614 1080 2682 οὐ
1104 2621 1224 2694 κακῶς.
1259 2618 1300 2700 Q.
1319 2620 1365 2684 H.

255 2720 324 2786 Aut
345 2713 388 2784 οὐ
410 2719 595 2803 delendum,
616 2727 672 2783 aut
693 2723 802 2796 καλῶς
822 2721 1042 2785 scribendum.
1071 2717 1193 2783 Similis
1214 2720 1367 2785 confusio

254 2821 297 2887 ad
319 2832 344 2897 ψ
364 2824 425 2884 310
447 2829 587 2885 notatur.

341 2939 414 3001 299.
456 2937 659 3004 πέλοντο.
683 2934 809 3017 Ῥιανὸς
843 2941 1010 3005 πέλοιτο
1048 2938 1133 3024 (οοδ.
1163 2937 1273 3023 πέλοι,
1300 2961 1364 3003 em.

254 3036 364 3122 Pors.)
386 3035 518 3121 γράφει.
540 3039 634 3105 Harl.
700 3119 707 3131 ο
1240 3109 1244 3115 ,

341 3154 413 3216 352.
448 3158 532 3231 πῶς
561 3148 610 3220 clv
637 3154 714 3240 έγοί
742 3175 785 3222 σε
812 3159 949 3240 δέοιμι
982 3149 1071 3239 μετ’
1109 3148 1363 3220 ἀθανάτοισι

256 3260 414 3318 θεοῖσι·
447 3247 465 3319 ὁ
495 3252 532 3318 δὲ
553 3248 764 3341 Ἀρίσταρχος
791 3262 873 3336 παῖς
894 3250 944 3323 ἂν
965 3251 1198 3335 εὐθάνοιμι
1226 3250 1363 3336 γράφει.

255 3354 291 3418 οί
312 3351 349 3417 δὲ
372 3353 424 3419 ἐπὶ
445 3357 508 3418 τοῦ
529 3356 629 3438 δῆσαι
651 3356 715 3422 κτέ.
746 3358 786 3439 Q.
808 3357 907 3443 Vulg.
932 3366 973 3422 et.
989 3379 1031 3421 m.
1047 3354 1272 3424 Aristarchum
1290 3359 1364 3432 πῶς

256 3449 300 3519 ἄν
320 3448 354 3517 σ’
379 3449 455 3520 erit).
478 3458 647 3544 scripsisse
666 3459 844 3523 Barnesius
866 3459 959 3524 vidit.
979 3460 1059 3523 Post
1071 3456 1106 3520 οί
1119 3453 1157 3518 δέ
1171 3454 1303 3536 excidit,
1326 3458 1362 3519 ni

254 3555 368 3638 fallor,
390 3556 486 3622 lectio
507 3558 549 3622 ab
573 3558 602 3621 Ε
625 3569 769 3642 servata,
789 3581 891 3646 eaque
912 3583 964 3624 me
984 3558 1091 3623 iudice
1111 3554 1268 3642 palmaria
1290 3558 1363 3632 πῶς

119 3692 127 3701 ·
254 3648 299 3721 ἂν
320 3655 385 3740 ἔχω’
408 3674 445 3722 σε
467 3659 603 3743 φέριστε
623 3653 696 3742 μετ’
718 3654 918 3725 άθανάτοισι
939 3661 1057 3742 δέοιμι.
1085 3657 1181 3722 Hanc
1205 3655 1290 3718 enim
1311 3678 1363 3720 re·

256 3757 352 3844 spicit
371 3758 595 3843 interpretatio
624 3759 679 3824 aul
700 3756 910 3844 asidonensis,
944 3758 1048 3842 φησὶν
1069 3752 1087 3823 δ
1108 3756 1221 3839 λόγος,
1250 3752 1308 3818 κτέ
1328 3765 1362 3819 et

255 3853 338 3922 ὄντα
358 3881 426 3941 μου
442 3862 571 3924 πολλοῦ
592 3861 839 3944 γενναιότερον.
880 3861 946 3926 Sed
966 3868 1084 3946 quarta
1101 3858 1206 3939 etiam,
1230 3857 1258 3918 si
1280 3856 1362 3939 quid

254 3958 360 4042 video,
383 3959 480 4023 lectio
503 3960 637 4042 exstitit,
658 3983 731 4026 cum
750 3961 861 4027 schol..
874 3961 964 4046 vulg.
984 3960 1038 4024 nal
1061 3953 1104 4022 σά
1120 3952 1250 4037 θρασὺς
1266 3947 1360 4039 ὁρᾷς,

254 4057 359 4141 φησὶν
380 4050 398 4122 ὁ
421 4053 520 4140 λόγος
540 4059 802 4144 interpretentur.
844 4062 1032 4148 Suspiectur
1054 4058 1172 4144 aliquis
1193 4055 1258 4120 tale
1279 4055 1360 4140 quid

253 4156 372 4221 lectum
402 4179 474 4222 esse
501 4159 572 4233 πῶς
599 4150 642 4222 άν
669 4154 735 4246 ἔχω’
763 4153 797 4222 τ’
827 4152 997 4223 λλλοντα
1025 4150 1098 4240 μετ’
1128 4150 1159 4219 ά.
1194 4156 1239 4235 δ,
1274 4173 1360 4239 quae

252 4255 401 4324 lectionis
423 4258 565 4321 varietas
590 4257 780 4322 facillimam
803 4257 1052 4345 explicationem
1074 4244 1221 4336 habebit,
1253 4252 1281 4327 si
1298 4274 1359 4336 pro
