2964 5010
1097 390 1222 453 -41

645 562 697 624 20.

139 700 142 706 ’
205 681 298 746 Phot.
323 681 395 759 483,
420 680 459 742 24
484 670 633 759 Ῥάχετον
663 677 699 764 (l.
719 679 814 761 τρον)
844 674 881 744 τὰ
903 673 1049 744 ὄπισθεν
1066 683 1127 745 τοῦ
1149 701 1229 761 spa.

118 782 245 869 tim,
272 774 333 865 ἀφ’
358 767 402 843 οὗ
423 771 508 861 dlxi
529 783 587 861 ”lt
612 777 748 864 ῥάχεως.
793 781 982 863 Δίδυμος
1004 779 1046 845 δὲ
1069 777 1228 862 πλευρόν.

120 884 210 966 Quid
232 883 272 948 de
292 881 446 947 familiari
469 880 607 947 Graecis
632 885 852 948 inconstantia
879 882 1010 966 generis
1029 885 1232 969 praeceperit

120 985 296 1072 Didymus,
332 982 427 1048 docet
448 983 637 1070 Hesychius
669 985 705 1049 II
730 988 809 1048 1194
833 979 1039 1069 ράχετρον
1060 982 1166 1068 ραχίς,
1186 978 1232 1060 ὡς

120 1080 266 1168 πλευρὸν
283 1082 338 1149 καὶ
360 1081 500 1169 πλευρά.
523 1086 604 1172 (vid.
617 1085 764 1153 Lobeck.
784 1086 828 1151 ad
850 1085 975 1173 Phryn.
998 1109 1030 1172 p.
1048 1086 1124 1172 762)
1148 1085 1183 1149 oi
1195 1082 1232 1151 dl

119 1183 182 1271 τὴν
203 1185 300 1273 ῥάχιν
322 1189 385 1250 τοῦ
407 1186 541 1268 ἱερείου.
822 1186 823 1189 ’

202 1289 355 1376 Denique
375 1289 416 1355 de
438 1286 606 1368 τευτάζειν
623 1288 784 1371 conseras,
808 1311 891 1377 quae
912 1290 1000 1354 infra
1018 1313 1230 1378 exponemus.

572 1461 623 1523 21.
648 1460 699 1522 22.
723 1460 776 1522 23.

202 1577 418 1665 Etymologus
438 1600 577 1664 magnus
597 1578 738 1664 plurima
751 1578 960 1662 Diogeniano
975 1589 1110 1666 accepta
1123 1579 1234 1663 refert,

116 1679 345 1764 Diogenianus
381 1681 569 1768 Pamphilo,
607 1679 798 1767 Pamphilus
832 1701 872 1745 ac
906 1680 1050 1767 Zopyrio
1077 1681 1234 1768 Didymo.

117 1779 242 1845 Tamen
267 1804 333 1846 non
360 1790 435 1845 sunt
459 1780 535 1868 plus
562 1804 661 1869 quam
691 1782 750 1845 tris
777 1781 857 1864 loci,
888 1782 945 1868 qui
966 1781 1099 1868 quidem
1120 1803 1141 1845 a
1160 1781 1234 1846 reli·

118 1883 192 1969 quis
222 1881 463 1971 lexicographis
496 1883 616 1949 absunt
643 1883 810 1966 omnibus,
843 1906 924 1970 quos
949 1905 966 1948 e
988 1885 1113 1949 comico
1137 1884 1233 1948 Chal-

118 1986 246 2050 oenteri
273 1984 380 2051 lexico
406 1987 441 2050 in
467 1995 509 2052 et.
533 2009 576 2051 m.
605 1987 811 2072 immigrasse
835 2007 902 2049 non
930 1986 1002 2049 sine
1032 1987 1140 2071 specie
1161 1989 1248 2051 veri'

120 2086 255 2151 dixeris.
300 2089 356 2152 Et.
379 2111 421 2153 m.
445 2093 514 2171 146,
537 2093 578 2154 39
599 2119 642 2148 =
668 2092 736 2172 133,
761 2091 801 2153 39
820 2081 997 2171 iterata:
1023 2084 1063 2151 τὰ
1081 2084 1258 2171 opsono.

118 2192 181 2251 λια.
228 2188 426 2273 Δίδυμος.
448 2191 528 2256 Hes.
551 2192 648 2255 1542
667 2187 704 2255 ri:
727 2184 768 2255 τὰ
788 2196 996 2273 κρεοπωλεῖα
1014 2192 1082 2254 τοῖν
1104 2186 1235 2274 προβά-

119 2311 197 2353 των.
242 2288 296 2354 Et.
321 2314 364 2355 nr.
388 2295 459 2375 345,
482 2296 517 2357 3:
545 2287 779 2368 Ἐνωπίδεςε
801 2293 838 2356 al
853 2288 1060 2374 θεράπαιναι
1083 2287 1174 2374 παρὰ
1195 2288 1232 2356 τὸ

118 2387 271 2455 ἕπεσθαι.
306 2395 504 2475 Δίδυμος.
529 2393 645 2477 vLocus
672 2393 826 2477 affectus;
848 2392 993 2458 rescribe
1014 2393 1096 2458 Hes.
1117 2393 1134 2456 I
1154 2396 1234 2456 1413

120 2500 253 2557 auctore
275 2493 481 2571 ἐπωπίδες
503 2493 690 2578 ἐπίσκοποι,
712 2486 901 2558 ἀκόλουθοι
917 2489 1007 2578 παρὰ
1023 2494 1235 2576 Λακεδαιμο-

119 2596 205 2670 νίοις
236 2594 310 2659 coll.
339 2604 381 2660 et.
404 2619 447 2662 m.
471 2595 632 2662 ἐπωμίδα.
677 2594 826 2659 Fuerunt
852 2597 954 2680 igitur
987 2593 1044 2683 qui
1072 2591 1237 2670 ἐπωπίδες
1335 2652 1338 2659 .

120 2695 314 2761 vocabulum
347 2701 562 2785 compositum
594 2689 763 2785 (lul-oid)
798 2695 1051 2778 arbitrarentur,
1090 2693 1148 2758 alii
1181 2695 1237 2781 qui

119 2793 283 2874 §sonides
301 2800 496 2882 accinerent,
519 2800 771 2883 derivarentque
785 2795 827 2860 ab
843 2795 996 2862 ἕπεσθαι.
1021 2796 1073 2863 Of.
1087 2795 1235 2884 Lycoph.

122 2900 202 2961 1179
223 2897 370 2965 Lobeck.
387 2901 551 2989 Aglaoph.
577 2900 594 2963 I
615 2897 647 2985 p.
662 2901 734 2963 224.
757 2898 854 2964 Adde
877 2895 1050 2984 ἑπάμονες.
1068 2899 1173 2964 —Et
1192 2923 1234 2965 m.

120 2999 373 3085 347·ἐπίβδαι
398 3002 472 3068 coll.
496 3003 576 3068 Hes.
602 3001 718 3066 11041
743 2999 876 3066 Ruhnk.
900 3000 984 3067 Tim.
1004 3025 1037 3089 p.
1057 3006 1128 3068 119.
1160 3003 1235 3070 Ari·

120 3103 198 3167 stid.
222 3102 240 3167 Ι
262 3126 294 3190 p.
322 3106 396 3169 352.

206 3206 252 3270 At
274 3208 408 3271 veroin
428 3214 580 3293 suscepta
603 3206 665 3271 hae
687 3205 728 3271 de
748 3204 886 3291 Didymi
905 3206 1127 3272 voluminibus
1149 3228 1235 3272 oom-

119 3309 318 3385 mentatione
336 3329 410 3371 cum
427 3329 493 3372 non
510 3307 572 3373 hoo
587 3308 692 3374 solum
709 3305 881 3372 consilium
895 3308 1078 3391 moliamur,
1094 3316 1139 3392 ut,
1153 3331 1236 3396 quae

119 3409 269 3495 adposito
287 3409 353 3473 viri
371 3408 620 3474 laboriosissimi
636 3410 768 3475 nomine
783 3404 1064 3494 circumferantur,
1079 3409 1237 3475 librorum

119 3510 275 3597 reliquias
294 3511 329 3575 in
348 3531 449 3574 unum
471 3532 635 3596 cogamus,
660 3509 718 3575 sed
737 3512 844 3593 etiam,
866 3533 1090 3600 quaecumque
1105 3512 1237 3576 nomine

120 3635 185 3677 non
207 3612 334 3678 adiecto
356 3612 400 3677 ad
421 3613 559 3678 eundem
579 3623 744 3680 auctorem
769 3614 956 3680 revocanda
978 3636 1050 3678 csse
1070 3613 1235 3693 videntur,

121 3714 282 3801 dispicere
300 3724 332 3780 et
350 3737 409 3780 suo
427 3737 574 3803 quaeque
592 3718 718 3782 auctori
737 3716 905 3780 vindicare
918 3716 1116 3797 studeamus,
1137 3715 1234 3780 video

121 3817 186 3880 iam
208 3819 329 3882 nostris
351 3817 493 3883 humeris
516 3818 578 3883 hoc
599 3819 722 3904 imponi
743 3818 921 3900 negotium,
943 3824 989 3896 ut,
1008 3815 1096 3901 quod
1110 3816 1232 3881 Meine·

121 3919 197 3983 kius
218 3919 241 3984 l.
254 3942 283 3984 o.
307 3920 430 3986 dudum
452 3920 607 4000 coniecit,
631 3917 794 3984 ‘dubitari
812 3938 877 3981 non
898 3936 1006 4002 posse,
1028 3918 1107 4002 quin
1123 3918 1234 4001 multa,

120 4041 204 4106 quae
228 4021 316 4107 apud
336 4021 556 4109 Hesychium,
586 4019 894 4106 Harpocrationem,
922 4018 1131 4084 Eustathium
1152 4031 1236 4086 cete-

119 4141 239 4208 rosque
266 4126 497 4208 grammaticos
526 4124 626 4188 tacito
658 4121 800 4187 auctoris
833 4122 964 4187 nomine
993 4121 1159 4207 legantur,
1194 4146 1236 4189 ex

120 4221 234 4287 eodem
254 4224 344 4290 fonte
358 4225 542 4308 fluxerint,'
566 4226 601 4290 id
624 4226 809 4291 rectissime
830 4225 1008 4290 coniecisse
1023 4225 1131 4290 virum
1147 4228 1235 4292 omni

119 4321 217 4389 laude
239 4327 396 4392 maiorem
415 4328 604 4394 adcuratius
626 4328 722 4395 nobis
746 4328 1035 4396 demonstrandum
1058 4350 1234 4397 sumamus.
