2932 5002
226 377 288 438 376

228 544 422 628 (Ducntacr.
447 540 529 626 cpic.
553 537 654 623 Ip.3
678 535 764 621 111)
788 529 854 597 κτὲ.
878 525 1000 619 ᾅδουσι
1024 528 1061 597 δὲ
1083 535 1117 598 οί
1137 533 1251 599 λοιποὶ
1274 538 1348 599 τῶν

227 646 376 727 ποιητοίν
406 636 469 723 τῆν
486 633 686 721 Ἀταλάντης
714 635 751 700 έν
771 631 864 720 θῆρα
886 629 1041 718 ιόκότητα
1071 636 1126 701 καί
1148 634 1210 720 τὴν
1231 631 1347 702 Ἀντι-

227 747 339 820 κλείας
361 745 387 831 ⁵)
408 743 649 826 φιλοστοργίαν
671 736 726 803 καί
741 732 803 819 τῆν
822 731 1035 819 ’Δλκήστιδος
1057 740 1262 821 φιλανδρίαν
1287 736 1346 801 καὶ

228 840 290 928 τῆν
319 848 498 927 Μακαρίας
534 844 560 926 ’)
590 841 644 905 καὶ
672 844 741 905 τοῖν
766 832 992 904 ’Τακινθίδων
1027 839 1052 926 ⁷)
1088 834 1262 924 εὐψυχίαν.
1314 843 1349 905 τί

228 947 286 1011 δαί
293 970 300 1030 ;
324 941 399 1030 οὐχὶ
424 940 541 1012 Θεανώ
570 946 596 1028 ’)
620 942 682 1027 μέν
703 937 723 1026 ῆ
744 936 967 1024 Πυθαγορικῆ
994 944 1039 1018 εἰς
1068 945 1234 1007 τοσοῦτον
1256 931 1344 1025 ῆκεν

229 1053 440 1131 φιλοσοφίας,
463 1042 508 1126 ὥς
529 1041 614 1129 πρός
635 1041 695 1110 τόν
713 1042 896 1126 περιέργως
920 1036 1085 1109 ἀναδόντα
1106 1043 1160 1109 καί
1182 1043 1343 1109 εἰπόντα·

229 1147 331 1228 καλός
366 1144 385 1214 ό
424 1153 546 1233 πῆχυς,
585 1141 692 1213 ’ἀλλ’
731 1140 778 1211 οὐ
811 1141 1036 1230 δημόσιος’
1080 1142 1341 1228 ἀποκρίνεσθαι.

230 1256 289 1335 τῆς
325 1247 428 1336 αὐτῆς
460 1251 597 1335 φέρεται
636 1245 839 1335 σεμνότητος
871 1243 1004 1312 κάκεῖνο
1042 1242 1079 1313 τό
1102 1241 1342 1340 γάπόφθεγμα·

229 1356 255 1440 ’)
268 1351 474 1438 ἐρωτηθεῖσα
492 1350 573 1436 γάρ·
597 1355 738 1418 ποσταία
758 1349 847 1435 γυνη
870 1345 935 1415 άπὸ
953 1344 1076 1428 ἀνδρός
1092 1352 1139 1426 εἰς
1153 1344 1190 1413 τό
1208 1354 1344 1433 Θεσμο-

231 1449 648 1536 φόριονκάτεισιν;’άπό
666 1451 741 1538 μὲν
763 1455 836 1518 τοῦ
852 1453 965 1516 ἰδίου
980 1451 1344 1534 καίπαραχρῆμα,’

231 1556 307 1640 ἔφη,
330 1549 426 1621 ’άπὸ
451 1554 493 1621 δὲ
515 1558 589 1622 τοῦ
613 1550 841 1634 ἀλλοτρίου
864 1545 1164 1617 οὐδεπώποτε)
1196 1550 1251 1615 καὶ
1273 1547 1346 1634 μὴν

231 1656 286 1722 καί
309 1653 460 1741 Θεμιστώ
489 1659 525 1745 ”)
549 1651 570 1742 ἡ
593 1659 725 1722 Ζωΐλου
750 1649 770 1738 ἡ
792 1647 1003 1738 Λαμψακηνῆ
1027 1647 1235 1737 ῆΛεοντέως
1252 1650 1345 1737 γυνὴ

231 1761 294 1823 τοῦ
307 1764 540 1843 Λαμψακηνοῦ
557 1755 597 1824 τά
616 1755 827 1838 Ἐπικοόριια
843 1753 1051 1839 ἐφιλοσόφει,
1072 1753 1227 1841 καθάπερ
1243 1759 1346 1820 Μυῖα

232 1859 266 1945 ¹¹)
302 1854 323 1943 ῆ
355 1865 505 1939 Θεανοῦς
535 1858 692 1944 θυγάτηρ
730 1855 771 1924 τά
806 1855 1027 1941 Πυθαγόρεια
1065 1857 1120 1922 καί
1156 1852 1344 1942 Ἀριγυώτη

232 1962 269 2048 ”)
296 1955 317 2045 ἡ
351 1958 390 2026 τόι
417 1962 492 2043 περὶ
521 1965 709 2028 Διονυσίου
738 1961 946 2046 γραψαμένη.
1002 1962 1038 2026 αἰ
1062 1956 1126 2043 γάρ
1153 1960 1343 2043 Διοδώρου

232 2066 295 2127 τοῦ
315 2061 453 2144 Κρόνου
476 2065 513 2150 ”)
539 2063 780 2147 ἐπικληθέντος
807 2063 993 2147 θυγατέρες
1012 2064 1114 2127 πᾶσαι
1136 2063 1346 2130 διαλεκτικαί

231 2160 428 2246 γεγόνασιν,
458 2159 503 2240 ός
523 2182 606 2247 φησι
629 2168 744 2230 Φίλων
767 2166 804 2253 ”)
828 2159 846 2231 ό
870 2160 1078 2241 διαλεκτικός
1096 2163 1133 2228 ἐν
1154 2168 1201 2253 τῷ
1228 2171 1346 2231 Μενε-

232 2263 332 2352 ξένῳ,
351 2253 401 2329 όν
422 2261 462 2330 τά
484 2260 634 2350 ὀνόματα
657 2270 877 2348 παρατίθεται
899 2265 994 2332 τάδε·
1017 2267 1191 2351 Μενεξένη
1211 2261 1348 2351 Ἀργεία

232 2363 375 2448 Θεόγνις
405 2359 593 2451 Ἀρτεμισία
629 2366 852 2434 Παντάκλεια.
911 2367 1077 2453 μέμνημαι
1113 2368 1168 2435 καί
1201 2375 1348 2455 κυνικῆς

232 2491 340 2551 τινος,
361 2462 534 2552 Ἱππαρχία
553 2467 590 2533 δὲ
616 2469 652 2551 ”)
674 2469 822 2535 έκαλεῑτο
850 2464 869 2553 ἡ
899 2476 1095 2550 Μαρωνίτις
1127 2464 1148 2555 ἡ
1170 2469 1347 2556 Κράτητος

232 2568 338 2654 γυνή,
375 2564 432 2653 ἐφ’
467 2558 489 2658 ῆ
522 2568 576 2634 καί
603 2568 643 2635 τά
674 2569 882 2655 γυυογάμεια
912 2573 949 2637 έν
977 2576 1017 2659 τῆ
1047 2576 1179 2658 ποικίλη
1201 2571 1344 2639 έτέλετο.

229 2665 347 2754 ’Λρήτη
373 2672 409 2759 ”)
430 2670 467 2736 δὲ
490 2665 745 2756 ῆ’Δριστίππου
771 2669 968 2757 Κυρηναικὴ
984 2670 1044 2738 τόν
1062 2675 1365 2758 Μητροδίδακτου,

231 2772 457 2856 ἐπικληθέντα
494 2771 692 2838 ἐπαίδευσεν
727 2770 951 2857 Ἀρίστιππον.
996 2770 1085 2857 παρά
1117 2773 1280 2840 Πλάτωνί
1307 2800 1346 2842 τε

231 2870 465 2957 ἐφιλοσόφουν
505 2873 696 2940 Λασθένεια
732 2875 767 2961 ”)
795 2869 815 2958 ἡ
843 2869 1001 2957 Ἀρκαδία
1032 2876 1086 2940 καὶ
1117 2871 1270 2955 Ἀξιοθέα
1308 2881 1348 2963 ”)

231 2968 427 3056 ἡΦλιασία.
470 2969 648 3053 Ἀσπασιάς
679 2976 715 3062 ”)
742 2972 807 3059 γάρ
836 2979 894 3059 τῆς
916 2981 1099 3062 Μιλησίας,
1129 2976 1204 3060 περὶ
1225 2968 1266 3062 ἧς
1287 2980 1346 3044 καί

231 3075 267 3139 οἰ
288 3077 428 3158 κωμικοί
451 3072 557 3142 πολλὰ
580 3074 621 3160 δὴ
641 3078 935 3161 καταγράφουσιν,
961 3076 1145 3162 Σωκράτης
1170 3077 1232 3163 μὲν
1260 3074 1347 3144 άπέ-

231 3180 358 3240 λαυσεν
378 3179 424 3252 εἰς
448 3181 664 3261 φιλοσοφίαν,
687 3182 855 3263 Περικλῆς
872 3179 909 3244 δέ
934 3181 981 3256 εἰς
998 3178 1189 3265 ῥητορικήν.
1233 3203 1348 3263 παρα-

231 3275 401 3360 πέμπομαι
425 3281 543 3344 τοίνυν
572 3275 630 3355 τὰς
651 3272 754 3356 ἄλλας
780 3276 835 3345 διὰ
857 3275 894 3344 τό
920 3284 1025 3366 μῆκος
1044 3287 1106 3346 τοῦ
1132 3278 1238 3364 λόγου
1261 3280 1346 3366 μῆτε

231 3373 289 3454 τόις
323 3382 497 3467 ποιητρίας
532 3379 725 3461 καταλέγων
756 3382 792 3464 ”)
828 3378 1003 3462 Κόρινναν
1028 3386 1064 3464 ”)
1090 3381 1145 3447 καὶ
1170 3386 1290 3447 Μυίαν
1323 3377 1345 3466 ῆ

230 3478 286 3544 καί
313 3474 447 3562 Σαπφω
473 3470 495 3561 ῆ
522 3474 581 3556 τός
606 3477 822 3564 ζωγράφους,
851 3481 1007 3565 καθάπερ
1029 3482 1182 3569 Εἰρήνην
1213 3484 1252 3566 ”)
1284 3478 1351 3567 τὴν
1420 3505 1424 3510 ·

230 3584 402 3664 Κρατίνου
433 3580 607 3664 θυγατέρα
644 3581 700 3646 καί
733 3577 965 3667 Ἀναξάνδρου
998 3585 1035 3672 ”)
1068 3581 1131 3668 τῆν
1160 3581 1351 3668 Νεάλκους,

230 3683 267 3769 ”)
289 3677 334 3760 σός
357 3700 440 3766 φησι
462 3683 653 3766 Δίδυμος
675 3683 718 3750 έν
740 3697 1061 3769 ουμποσιακοίς.

314 3784 352 3848 F.
377 3786 521 3850 Rittcrus
541 3784 677 3872 Didym.
704 3807 815 3872 opusc.
838 3811 869 3874 p.
893 3789 911 3850 8
934 3786 1038 3852 verba
1059 3790 1163 3853 nostri
1191 3810 1212 3852 a
1232 3812 1345 3870 παρα-

230 3883 399 3967 πέμπομαι
424 3887 569 3974 incipcre
597 3885 728 3951 videtur
754 3895 908 3951 statuere.
960 3888 1043 3953 Mihi
1076 3913 1170 3954 secus
1199 3890 1344 3955 videtur.

228 3983 366 4072 Scripsit
386 3984 475 4051 haud
495 3986 594 4051 dubia
616 3986 703 4051 idem
719 3996 840 4070 auctor,
863 4010 883 4051 a
900 4013 964 4076 quo
980 3990 1129 4077 profecta
1149 4000 1225 4055 sunt
1239 3991 1346 4055 verba

227 4085 487 4171 παραπέμπομσι
508 4091 627 4152 τοίνυν
650 4085 732 4169 uti,
765 4089 862 4152 ctiam
885 4113 969 4176 quac
987 4092 1188 4178 praecedunt
1214 4092 1347 4175 μίμνη-

227 4208 285 4267 μαι
313 4184 368 4250 καί
393 4190 534 4269 κυνικῆς
558 4213 650 4265 τινος
677 4187 741 4253 κτέ.
787 4189 876 4270 Quid
898 4191 1028 4255 multa?
1054 4193 1200 4257 inserere
1222 4191 1349 4277 placuit

225 4283 370 4372 Didymo
392 4286 613 4373 Symposiacis
635 4291 703 4354 suis
725 4300 898 4355 tractatum
926 4292 1069 4382 aliquem
1091 4292 1260 4358 doctrinae
1284 4316 1343 4358 ex-
