2962 5018
242 409 304 470 310

329 573 382 637 De
414 567 653 636 commentariis
684 563 823 650 Didymi
854 561 1074 627 Alexandrini
1106 564 1167 626 τού
1190 557 1358 647 πονήρου,

242 674 410 757 laboriosi,
433 682 465 738 et
487 669 690 757 cognominis
712 664 851 752 Didymi
866 663 986 751 Cnidii,
1000 664 1039 727 in
1060 664 1245 746 Aratum,
1274 686 1358 751 quos

242 776 424 842 Victoriam
453 774 495 839 ad
527 771 648 837 calcem
678 789 794 833 comm.
824 767 950 851 isagog.
971 758 1142 848 Ἐρατοσθ.
1166 791 1199 854 p.
1225 770 1283 829 117
1307 787 1359 829 se·

243 885 337 944 cutus
363 875 534 941 Fabricius
557 873 629 938 BG.
652 869 709 936 lib.
734 869 787 934 Ill
817 890 888 955 eap.
909 885 1000 933 xvm
1021 893 1053 957 p.
1074 872 1136 933 455
1164 890 1358 933 commemo·

243 988 304 1063 rat,
325 979 458 1044 aliunde
475 977 558 1041 nihil
578 984 779 1061 compertum
801 970 916 1036 habeo.
1198 981 1200 986 ·

336 1331 339 1338 ¹
411 1247 701 1314 Commentarii
730 1246 772 1308 in
801 1253 987 1309 oratores
1013 1242 1188 1306 Atticos.

765 1384 827 1464 26.

479 1555 484 1564 ·
571 1518 615 1580 ln
641 1515 936 1603 Antiphontem
965 1513 1024 1600 (λ).

329 1637 485 1722 Hermog.
503 1659 536 1702 π.
548 1637 590 1701 ld.
607 1640 629 1720 β
642 1640 660 1698 7
675 1657 727 1722 ap.
740 1633 847 1698 Walz.
862 1632 956 1696 rhett.
970 1630 1087 1696 Graec.
1101 1629 1154 1693 III
1165 1652 1196 1716 p.
1207 1631 1267 1692 385
1280 1626 1359 1710 περί

245 1737 282 1802 δὲ
310 1731 534 1821 Ἀντιφῶντος
555 1736 714 1822 λε’γοντας
734 1729 864 1818 ἀνάγκη
885 1743 1073 1817 προειπεῖν,
1109 1725 1178 1815 ὅτι,
1201 1725 1358 1813 καθάπερ

246 1832 341 1903 ἄλλοι
363 1838 402 1902 τέ
420 1854 525 1921 φασιν
540 1833 604 1903 ούκ
619 1833 725 1921 ὀλίγοι
741 1836 998 1917 καὶΔίόνμος
1014 1827 1031 1898 ὁ
1047 1828 1358 1917 γραμματικός,

248 1935 331 2022 πρός
350 1937 386 2003 dl
409 1937 466 2003 καί
486 1934 552 2004 ἆπό
575 1943 634 2022 τῆς
655 1940 802 2017 ἱστορίας
822 1939 987 2021 φαίνεται,
1011 1937 1147 2011 πλείους
1173 1933 1235 2017 μὲν
1256 1930 1359 2017 γεγό-

245 2033 586 2125 νασινἈντιφῶντες,
610 2039 672 2106 δύο
696 2038 733 2105 δὲ
756 2041 791 2104 οί
804 2034 1098 2122 σοφιστεύσαντες,
1117 2026 1166 2101 όν
1182 2035 1237 2100 καὶ
1252 2034 1358 2121 λόγον

246 2134 375 2223 ἀνάγκη
397 2136 610 2224 ποιήσασθαι.
657 2130 706 2205 οἷν
729 2132 783 2218 εἷς’
795 2139 856 2224 μέν
882 2140 973 2204 ἐστιν
1001 2133 1018 2203 ό
1042 2135 1172 2223 ῥήτωρ,
1195 2127 1302 2218 ούπερ
1324 2141 1361 2205 ol

247 2240 384 2324 φονικοὶ
411 2244 572 2325 φέρονται
598 2239 693 2328 λόγοι
722 2241 777 2308 καί
800 2239 818 2307 ὁ
843 2242 918 2325 περὶ
939 2238 1098 2326 ὁμονοίας
1118 2237 1174 2304 καί
1194 2241 1229 2304 ol
1249 2242 1359 2324 δημη-

246 2341 377 2426 γορικοὶ
399 2342 455 2408 καί
481 2337 499 2409 ό
530 2341 701 2423 πολιτικός
728 2343 783 2410 καί
811 2339 875 2409 όσα
897 2339 1064 2420 τοιούτοις
1092 2336 1199 2425 όμοῑα.
1244 2339 1359 2423 ἕτερος

246 2439 282 2507 δὲ
303 2436 320 2507 ὁ
336 2442 391 2507 καί
406 2443 649 2528 τερατοσκόπος
667 2447 721 2512 καί
738 2442 968 2530 ὀνειροκρίτης
985 2441 1167 2529 λεγόμενος
1185 2441 1358 2527 γενέσθαι,

245 2530 352 2624 οὗπερ
374 2543 409 2605 οἱ
428 2542 504 2624 περὶ
526 2549 584 2629 τῆς
603 2540 762 2629 ἀληθείας
784 2545 938 2628 λέγονται
959 2540 1065 2627 λόγοι.

330 2640 385 2707 sic
399 2642 505 2708 locum
519 2646 667 2711 Walzius
681 2648 771 2712 dedit
781 2645 991 2734 Spengelium
1007 2655 1137 2710 secutus
1149 2645 1182 2708 in
1196 2665 1358 2731 synagog.

245 2742 353 2807 techn.
377 2766 409 2830 p.
427 2748 496 2807 114.
520 2746 572 2810 Cf.
597 2747 729 2836 Taylor.
751 2748 838 2814 lectt.
859 2747 992 2835 Lysiae.
1012 2746 1079 2810 VH
1101 2747 1138 2810 P.
1159 2768 1224 2809 van
1246 2744 1360 2833 Spaan

245 2865 276 2929 p.
301 2848 359 2907 149
382 2845 433 2909 ed.
457 2845 618 2912 Friedem.
642 2850 815 2915 Westerm.
837 2851 914 2914 hist.
938 2849 1021 2935 eloq.
1041 2848 1058 2912 I
1081 2872 1113 2935 p.
1134 2850 1206 2912 276.
1250 2848 1358 2935 Didy-

245 2966 316 3007 mus
342 2966 406 3031 quo
434 2945 506 3010 loeo
537 2946 577 3011 de
599 2950 854 3038 Antiphontibus
877 2951 1066 3038 exposuerit
1073 3001 1081 3033 ‚
1111 2950 1233 3014 neseio.
1277 2948 1359 3013 For·

244 3053 333 3108 lasse
366 3047 400 3109 in
432 3047 624 3114 Rhamnusii
654 3055 817 3118 orationes
850 3060 1084 3119 commentatus
1121 3052 1224 3115 vitam
1258 3053 1358 3115 etiam

245 3167 334 3210 more
358 3146 453 3212 solito
474 3147 619 3214 breviter
643 3157 817 3220 enarravit.

682 3398 684 3404 ,
772 3311 829 3391 19.

424 3436 720 3502 commentarii
749 3440 788 3503 in
816 3442 1179 3531 Demosthenem¹).

330 3579 360 3620 o.
400 3557 595 3639 Harpocrat.
627 3559 696 3639 156,
723 3560 760 3620 10
793 3557 900 3622 Bekk.
934 3560 1027 3625 Phol.
1048 3567 1120 3644 441,
1147 3566 1184 3625 15
1213 3560 1359 3626 Πολύ-

243 3675 435 3740 στρατος·
449 3697 490 3707 -
502 3650 603 3734 ι’ίλλος
620 3650 654 3722 δ’
675 3647 718 3721 ἄν
733 3662 784 3740 είη
804 3658 1051 3746 Πολύστρατος,
1074 3651 1117 3727 οὗ
1132 3663 1360 3746 Δημοσθένης

243 3753 450 3843 μνημονεύει
471 3758 509 3822 ἐν
532 3763 758 3841 Φιλιππικοῖς,
781 3758 890 3842 λέγων
911 3755 1017 3827 αὐτόν
1035 3786 1114 3829 ποτε
1135 3763 1173 3828 ἐν
1195 3767 1359 3851 Κορίνθῳ

245 3855 379 3937 ξενικόν
400 3859 546 3943 τρέφειν.
571 3856 698 3944 μήποτε
719 3861 833 3943 μέντοι
849 3860 999 3928 ἐνταῦθα
1017 3866 1070 3929 δεῖ
1084 3861 1230 3949 γράφειν
1241 3864 1360 3930 Πολύ-

246 3982 372 4042 τροπον
394 3955 469 4025 ἀντὶ
490 3963 553 4025 τοῦ
575 3956 828 4041 Πολυστράτου.
870 3959 959 4045 παρὰ
983 3964 1102 4049 μηδενί
1122 3964 1187 4049 γάρ
1210 3982 1316 4049 φησιν
1339 3963 1358 4033 ὁ

247 4063 437 4146 Δίδυμος
459 4055 637 4144 εὑρηκέναι
658 4058 720 4128 τόν
737 4059 978 4147 Πολύστρατον
1002 4059 1216 4150 ἡγησάμενον
1235 4072 1307 4133 τοῦ
1320 4068 1361 4134 ἐν

245 4166 408 4249 Κορίνθῳ
433 4163 578 4240 ξενικοῦ.
596 4164 610 4248 Η
627 4159 696 4228 Τόν
724 4162 948 4249 Πολύτροπον
975 4164 1037 4251 μὲν
1065 4157 1130 4233 ούν
1153 4168 1190 4234 ἐν
1213 4173 1253 4256 τῇ
1273 4197 1295 4249 ς
1322 4173 1359 4258 (η

316 4313 344 4379 l)
368 4317 410 4372 Of.
435 4318 528 4372 Meier.
546 4309 660 4372 Midian.
686 4338 713 4390 p.
732 4324 791 4379 XV.
812 4351 845 4361 -
863 4326 992 4397 Harmog.
1017 4326 1051 4377 de
1070 4327 1149 4379 form.
1169 4328 1194 4391 2,
1214 4329 1229 4378 7
1248 4344 1275 4397 ρ.
1293 4329 1356 4383 447.
