2964 5010
1219 373 1260 436 23

148 529 241 615 πήρα
254 540 287 596 et
298 527 637 616 οακκομενειότροφοι
648 534 683 596 in
692 536 927 620 epigrammate
938 557 989 622 ap.
1006 535 1125 601 Athen.
1138 561 1171 624 p.
1186 541 1259 634 162)

152 633 295 699 eomedit
311 634 404 720 (ἔδω)
412 643 434 718 ,’
457 634 554 720 louge
570 635 681 700 valere
697 635 881 700 iubebimus
901 639 1051 703 vitiosam
1067 641 1260 725 scripturam

151 733 444 823 οακκοδερμιστῇς,
467 737 706 826 quantumlibet
726 738 929 803 Fritzsehius
952 738 1118 827 obstrepat
1128 742 1161 825 ¹).

610 973 616 983 ·
683 945 718 1026 3.

566 1076 660 1155 Λέξις
682 1074 834 1162 τροπικῇ.

233 1211 345 1276 Tertio
378 1210 449 1278 loeo
474 1212 681 1277 nominamus
705 1211 842 1299 Didymi
872 1209 1037 1296 spontania
1060 1214 1166 1298 λέξιν,
1198 1238 1262 1303 qua

149 1312 190 1377 de
211 1313 354 1378 Meierus
377 1315 411 1377 in
433 1335 548 1378 comm.
570 1314 734 1379 Andocid.
755 1314 803 1378 VI
826 1317 845 1378 3
868 1338 900 1402 p.
925 1314 1012 1379 XIX
1035 1317 1096 1380 210
1122 1316 1208 1380 hune
1226 1318 1261 1380 iu

148 1414 280 1479 modum
307 1415 466 1502 disputat:
491 1416 608 1498 ‘Quod
630 1418 664 1481 in
679 1416 789 1481 Bekk.
813 1417 951 1481 aneedd.
975 1415 991 1480 I
1013 1421 1074 1482 334
1098 1419 1260 1482 excitatur

148 1516 311 1603 Didymus
330 1516 368 1582 ἐν
388 1520 428 1604 τῇ
449 1522 592 1604 τροπικῇ
614 1520 698 1598 λέξει
720 1519 859 1584 fortasse
880 1541 995 1584 verum
1016 1528 1076 1584 est.
1111 1518 1260 1605 Namque

148 1613 311 1703 spontania
339 1622 428 1699 λέξιν
455 1629 488 1685 et
513 1620 570 1685 alii
592 1629 846 1686 commemorant
873 1629 906 1684 et
926 1619 1066 1706 Dionys.
1087 1619 1195 1683 Halie.
1221 1621 1261 1685 de

147 1730 228 1785 vett.
256 1723 424 1808 scriptorr.
449 1745 578 1788 censur.
600 1746 633 1811 p.
652 1725 724 1806 422,
747 1722 788 1787 de
806 1723 847 1786 iis
869 1743 953 1808 quae
977 1720 1125 1808 Thueyd.
1150 1743 1260 1807 propr.

149 1833 225 1887 sunt
245 1823 280 1887 II
304 1827 316 1885 1
342 1847 375 1911 p.
397 1828 459 1889 790
476 1856 518 1884 =
540 1848 572 1912 p.
596 1826 654 1889 221
679 1825 855 1912 Krueg.');
876 1846 948 1888 eam
973 1833 1081 1888 autem
1103 1821 1262 1908 singulari

150 1924 233 1988 libro
257 1924 428 2011 complecti
450 1936 538 1992 certe
557 1929 663 1992 minus
685 1928 812 2011 mirum,
833 1949 929 2015 quam
953 1926 1133 2011 singularia
1153 1925 1261 1989 lexiea

148 2030 302 2111 καθαρᾶς
319 2037 376 2092 aut
396 2033 520 2113 σεμνῆς
543 2030 632 2108 ἰδέας
648 2041 704 2095 aut
726 2025 831 2113 λόγου
853 2030 1030 2094 πολιτικοῦ
1050 2026 1203 2109 seribere,
1226 2025 1260 2090 id

148 2129 235 2216 quod
261 2129 384 2196 laetum
411 2154 483 2197 esse
508 2133 604 2198 docet
631 2132 727 2198 Phot.
756 2129 851 2197 codd.
879 2135 938 2196 146
961 2153 1032 2219 sqq.
1071 2128 1260 2213 Videndum

147 2241 256 2296 tamen
287 2242 350 2317 est,
386 2235 470 2299 sitne
501 2239 642 2322 τραγικῇ
668 2234 920 2323 reponendum'
961 2233 1006 2297 At
1033 2231 1131 2296 fidem
1161 2230 1260 2295 habet

148 2335 244 2399 lectio
270 2333 335 2401 lex.
359 2333 393 2400 S.
416 2336 527 2402 Germ.
551 2361 610 2403 ms.
638 2337 726 2419 Quid
748 2337 858 2402 enim?
886 2358 995 2400 nonne
1014 2337 1140 2418 κυρίως
1158 2333 1260 2397 Attiei

148 2430 384 2520 ἀγαθοερμούς
412 2437 566 2505 dixenmt
593 2440 775 2524 beneficos,
803 2440 970 2523 τροπικοῖς
997 2459 1075 2503 vero
1096 2434 1260 2499 Lacedae-

147 2539 248 2603 monii
271 2539 387 2626 quinos
404 2543 576 2628 quotannis
596 2565 640 2608 ex
657 2543 804 2630 equitum
826 2541 941 2608 ordine
959 2536 1132 2623 egressos?

691 2701 705 2759 1

232 2810 342 2877 Bekk.
361 2811 382 2877 l.
396 2835 425 2878 e.
450 2806 674 2896 ἆμαθοερμοί·
692 2806 834 2876 Ἀττικοὶ
856 2803 935 2886 τούς
962 2799 1097 2890 ἀγαθὸν
1117 2805 1261 2889 ἐργασα-

134 2913 272 2995 μένους
299 2937 340 2979 τι.
378 2916 447 2980 ἔστι
478 2913 515 2979 δὲ
541 2912 596 2979 καὶ
623 2907 708 2998 ἀρχῇ
735 2937 784 2990 τις
805 2912 843 2977 ἐν
865 2910 1091 2993 Λακεδαίμονι
1119 2908 1154 2973 οἱ
1176 2901 1260 2992 ἆμα-

148 3018 297 3098 θοεργοί.
326 3010 468 3100 ἄρχουσι
490 3015 527 3081 δὲ
549 3014 605 3081 καὶ
630 3020 698 3081 τῶν
718 3015 755 3082 ἐν
779 3020 819 3103 τῇ
840 3011 935 3080 πόλει
957 3011 1100 3079 καὶτῶν
1121 3012 1183 3090 ἔξω
1202 3015 1261 3096 τῆς

148 3115 277 3196 πόλεως
294 3115 617 3203 παρανομησάντων,
636 3113 681 3197 ὥς
699 3137 784 3203 φησι
801 3120 986 3203 Δίδυμος
1003 3114 1041 3180 ἐν
1056 3117 1097 3202 τῇ
1116 3118 1261 3200 τροπικῇ

150 3221 244 3307 λέξει.
282 3219 334 3285 cf.
359 3221 400 3286 de
423 3220 473 3285 his
489 3220 822 3287 Lacedaemoniorum
845 3218 1109 3285 benefactoribus
1129 3217 1261 3283 doctum

149 3321 293 3407 Anglum
315 3323 350 3386 in
372 3321 485 3409 Steph.
507 3324 590 3388 thes.
611 3324 710 3390 (1.1.
740 3323 792 3388 Ι1
823 3346 855 3411 p.
883 3324 1041 3405 142,143
1070 3319 1122 3384 ed.
1145 3318 1259 3384 Didot.

149 3427 276 3491 Mauso.
303 3424 409 3512 Spart.
433 3426 449 3489 Ι
474 3431 488 3490 1
518 3450 550 3515 p.
576 3431 633 3491 153
662 3426 702 3493 Ο.
731 3426 881 3491 Mueller.
908 3424 988 3489 Dor.
1016 3422 1052 3487 Π
1078 3423 1137 3486 241
1169 3420 1259 3507 (add.

149 3530 188 3594 L.
203 3528 404 3593 Baehmann.
425 3530 594 3595 aneedd.I
614 3533 661 3617 18,
679 3534 717 3595 19
741 3538 773 3595 et
793 3527 912 3594 ‘schol
928 3523 1065 3592 Aristid.
1080 3522 1116 3587 Η
1133 3545 1165 3609 p.
1181 3523 1259 3587 172⁹

150 3655 168 3697 e
190 3631 343 3696 Schneid.
367 3630 432 3697 lex.
455 3631 521 3722 Ip.
541 3635 587 3722 4).

219 3791 244 3856 l)
264 3791 393 3843 Reiskius
409 3808 453 3858 ap.
464 3791 573 3844 Seheei.
592 3806 654 3857 app.
672 3791 733 3842 erit.
753 3791 831 3840 Dem.
841 3789 880 3839 IV
894 3803 921 3853 p.
931 3786 974 3841 28,
993 3784 1040 3849 qui
1050 3784 1184 3846 Harpoer.
1198 3796 1221 3833 s.
1233 3797 1261 3832 v.

149 3867 165 3926 ci
184 3869 317 3927 κάτωθεν
337 3867 424 3942 νόμος
439 3894 453 3929 e
467 3877 578 3942 Didymi
591 3875 728 3926 volumine
744 3869 809 3937 aspi
822 3861 1023 3936 ἀπορουμένης
1039 3860 1138 3928 λέξεως
1151 3865 1262 3917 fluxisse

149 3967 313 4033 suspicetur,
329 3966 427 4016 erroris
446 3963 609 4014 manifestus
628 3966 679 4013 est.

218 4053 245 4121 2)
265 4053 343 4104 Adde
358 4053 473 4119 Dionys.
492 4048 557 4102 Hal.
576 4066 618 4116 ep.
637 4048 673 4099 ad
684 4048 735 4099 Cn.
753 4047 850 4112 Pomp.
869 4045 898 4094 11
917 4043 934 4094 o
951 4062 986 4088 =
1003 4057 1030 4108 p.
1051 4039 1084 4091 18
1111 4040 1212 4107 Krueg.
1232 4040 1261 4092 II

152 4140 185 4193 13
207 4157 235 4207 p.
252 4141 295 4205 23,
321 4141 355 4191 de
373 4138 497 4205 Thucyd.
521 4134 606 4187 indie.
631 4135 712 4186 xxll
733 4150 760 4200 p.
784 4133 832 4184 125
853 4131 982 4183 ΧΧΙΠ4
1007 4146 1034 4196 p.
1060 4128 1110 4180 127
1137 4128 1258 4179 XXIVl

150 4246 177 4296 p.
197 4228 248 4281 128
271 4230 295 4279 1.
313 4231 329 4279 2
352 4244 379 4294 p.
399 4229 461 4283 204.
486 4224 575 4276 Wala.
594 4224 676 4275 rhett.
693 4224 740 4276 Gr.
758 4220 802 4273 111
819 4237 846 4287 p.
865 4221 926 4285 sel,
945 4221 971 4271 7.
994 4216 1084 4271 Sehol.
1103 4218 1168 4268 Eur.
1187 4215 1260 4269 Med.

151 4316 213 4370 8119.
232 4315 324 4369 Sehol.
342 4315 425 4382 Soph.
444 4314 503 4367 OT.
522 4313 567 4366 56.
