2932 5002
1164 418 1226 480 357

114 597 196 650 νιος
233 574 399 656 ἱστορεῖ
424 569 663 659 Ἀνδραίμονος
699 571 807 660 αὐτὴν
839 575 964 661 λέγων,
1008 580 1109 645 schol.
1144 582 1223 648 Eur.

114 676 202 740 Med.
240 679 319 740 1384
357 677 455 763 (1377
489 676 621 762 Matth.)
660 675 831 760 Νεόφρων
862 679 898 741 δὲ
927 676 1224 755 ξενικώτατον·

114 771 241 862 ἀγχόνη
270 772 334 861 γὰρ
362 781 556 862 τελευτῆσαι
592 771 764 864 (Ἰάσονα),
808 780 910 846 schol.
940 780 1020 846 Eur.
1052 783 1152 849 Rbes.
1185 790 1226 853 36

114 902 146 965 p.
171 882 209 942 34
241 879 394 965 Kampm.
426 878 585 956 Μνασέας
610 875 648 943 ol
677 877 958 964 ξενικώτερον
984 875 1162 965 ἄφημεϊται
1187 886 1227 952 τὰ

116 981 191 1065 περὶ
203 977 274 1053 Ιτὸν
296 983 403 1045 Πᾶνα.
448 979 671 1066 Ptolemaeus,
700 983 881 1047 Aristonici
900 986 1106 1069 grammatici
1125 1000 1227 1073 pater,

116 1080 265 1145 Endocia
284 1080 370 1145 Viol.
389 1103 421 1167 p.
436 1083 499 1147 360
518 1090 550 1145 et
569 1084 671 1148 Snida
682 1083 756 1149 Vol.
770 1082 804 1146 Il
820 1106 853 1170 p.
867 1085 929 1148 526
945 1071 1082 1151 testibus
1097 1091 1229 1176 scripsit

115 1176 155 1246 τὰ
181 1177 271 1264 παρὰ
298 1187 344 1269 τῷ
370 1186 492 1268 ποιητῇ
521 1185 701 1269 (περὶτῶν
725 1179 815 1265 παρὰ
838 1187 907 1248 τῶν
929 1191 1080 1267 ποιητῶν
1101 1189 1226 1256 Endos.

115 1281 154 1346 B.
172 1282 260 1366 Em.)
283 1281 385 1361 ξίνως
408 1285 454 1371 (h.
467 1308 499 1349 v.
520 1285 605 1351 male
621 1309 684 1351 om.
700 1286 875 1350 Westerm.
893 1284 1000 1371 biogr.
1017 1289 1076 1354 Gr.
1098 1314 1131 1377 p.
1149 1293 1225 1377 275)

115 1379 349 1467 ἱστορούμενα.
386 1386 491 1469 Ξίνης
512 1386 567 1450 καὶ
591 1384 783 1468 παραδόξου
806 1388 899 1451 iuxta
920 1389 1011 1473 ponit
1027 1390 1128 1475 schol.
1146 1391 1226 1457 Eur.

115 1484 238 1549 Phoen.
266 1489 345 1550 1019
366 1487 433 1551 vol.
449 1487 481 1552 V
501 1510 534 1574 p.
558 1491 619 1553 218
642 1488 757 1553 Matth.
802 1486 873 1569 Est,
890 1485 948 1551 ubi
971 1488 1058 1553 idem
1080 1491 1150 1556 lere
1171 1514 1226 1555 va·

116 1584 180 1650 leat
203 1587 318 1664 ίδιιιιὶς
339 1588 496 1673 ἱστορεῖν,
524 1589 567 1654 cf.
595 1588 697 1654 schol.
722 1588 803 1652 Eur.
821 1586 980 1651 Androm.
1004 1591 1044 1653 24
1067 1591 1143 1656 Tro.
1165 1596 1227 1657 450

117 1686 240 1751 Phoen.
272 1692 351 1764 1116
379 1688 410 1752 V
435 1713 467 1776 p.
487 1692 548 1755 235
573 1698 606 1755 et
633 1685 723 1773 παρὰ
747 1682 809 1770 την
838 1687 989 1768 ἱστορίαν
1017 1713 1045 1755 e.
1068 1715 1100 1776 g.
1125 1693 1226 1758 schol.

116 1787 195 1853 Eur.
225 1789 300 1854 Tro.
338 1793 395 1853 391
432 1791 530 1856 Rhes.
561 1795 622 1855 504
656 1790 814 1855 Androm.
848 1790 918 1852 108.
950 1790 1022 1853 224.
1051 1796 1124 1858 607.
1178 1794 1228 1858 Ac

116 1890 232 1973 tragici
254 1900 370 1977 poetae
392 1892 511 1957 Graeci
534 1896 562 1957 si
585 1916 668 1979 quae
698 1889 788 1974 παρὰ
809 1885 871 1974 τὴν
892 1890 1042 1975 ἱστορίαν
1064 1893 1227 1979 dixerunt,

116 2013 155 2054 ea
179 1993 358 2076 castigasse
387 1993 517 2059 videtur
534 1995 785 2082 Dionysodorus
810 1992 847 2057 ἐν
874 1995 921 2079 τῷ
949 1992 1114 2077 περὶτῶν
1137 1992 1228 2081 παρὰ

116 2104 184 2170 τοῖς
205 2096 388 2182 τραγῳδοῖς
408 2089 666 2180 ἡμαρτημένων,
688 2096 731 2161 cf.
755 2093 855 2159 schol.
879 2093 979 2158 Rhea.
999 2099 1059 2159 504
1083 2097 1163 2162 Cob.
1198 2099 1227 2162 E

115 2197 277 2261 contrario
300 2196 420 2261 famam
443 2198 611 2282 vulgarem
634 2198 689 2283 qui
708 2204 922 2283 sequerentur
943 2195 1136 2263 dicebantur
1160 2193 1226 2264 ἆιτὸ

115 2296 261 2376 ἱστορίας
275 2296 470 2382 λαμβάνειν,
489 2298 532 2362 cf.
545 2298 646 2362 schol.
659 2298 817 2364 Androm.
835 2302 872 2363 18
882 2323 915 2386 p.
928 2303 969 2363 32
979 2299 1139 2364 Witzsch.
1151 2300 1226 2364 coll.

120 2400 174 2478 1ος
201 2396 278 2483 ξένη
294 2399 422 2484 ἱστορίᾳ
442 2422 485 2464 ex
504 2400 645 2464 adversa
664 2409 757 2484 parte
780 2411 845 2464 stat
867 2395 887 2483 ἡ
910 2396 966 2464 διὰ
988 2396 1151 2483 στόματος
1173 2399 1228 2465 καὶ

117 2495 273 2581 δημώδης
294 2499 432 2581 ἱστορία.
461 2499 554 2580 Plus„
571 2497 638 2563 Sol.
661 2522 689 2562 c.
714 2500 732 2562 8
757 2499 887 2563 Aelian.
911 2498 975 2564 Vl
999 2499 1107 2563 11145
1128 2498 1228 2563 schol.

119 2599 197 2664 Eur.
221 2599 294 2665 Alc.
321 2604 332 2662 1
360 2623 392 2686 p.
415 2602 456 2663 25
478 2599 671 2663 Witasehel.

204 2700 346 2786 Collegit
372 2702 475 2786 igitur
498 2699 663 2787 Didymus
688 2701 890 2766 Graecorum
915 2700 1046 2766 fabulas
1075 2698 1231 2764 obscuras

117 2801 284 2867 abstnrsas
307 2802 550 2886 reconditam,
581 2801 693 2890 quales
721 2802 852 2890 quidem
882 2812 914 2867 et
934 2811 1049 2889 poetae
1072 2811 1104 2866 et
1125 2824 1229 2887 gram·

117 2906 228 2969 matici
247 2902 466 2969 Alexandrini
488 2903 631 2970 venandi
655 2914 747 2969 erant
768 2905 1014 2987 studiosissimi,
1038 2912 1074 2969 ut
1095 2925 1231 2991 operosa

117 3008 180 3071 ista
202 3007 350 3071 doctrina
368 3029 433 3072 non
456 3008 552 3073 modo
577 3009 639 3094 ipsi
662 3029 734 3072 sese
754 3009 928 3091 instarent,
959 3005 1017 3070 sed
1039 3005 1232 3093 aequalibus

118 3110 215 3173 etiam
243 3110 448 3195 posterisque
476 3109 708 3196 interpretibus
741 3111 834 3196 quasi
861 3111 1047 3195 aenigmata
1074 3106 1232 3173 solvenda

118 3218 346 3296 proponerent.
403 3213 454 3275 Ac
490 3211 635 3298 profecto
666 3211 803 3276 arduum
833 3212 1031 3298 plenumque
1065 3209 1231 3296 spinarum

118 3333 199 3398 opus
215 3312 499 3398 aggrediebantur,
513 3315 625 3400 quiqui
639 3314 880 3379 reconditarum
893 3312 1102 3376 historiarum
1113 3311 1234 3373 rimare

118 3436 267 3479 recessus
285 3413 490 3502 feliciterque
509 3416 737 3502 respondendo
752 3414 794 3479 ad
810 3413 1048 3479 conclamatum
1063 3408 1146 3474 illud
1165 3410 1233 3471 τοῦ

120 3526 241 3593 ustrou
261 3538 297 3580 se
318 3516 545 3600 accingebant.
568 3516 745 3581 Multarum
767 3517 935 3580 literarum
954 3512 1061 3593 laude,
1081 3508 1162 3574 talia
1177 3510 1233 3594 qui

120 3615 305 3697 moliretur,
337 3616 513 3681 excelleret
539 3639 674 3681 necesse
700 3627 780 3681 erat.
825 3616 940 3700 Neque
965 3634 1044 3676 vero
1069 3609 1234 3695 Didymus

121 3719 156 3780 in
184 3715 361 3800 colligendi
390 3738 490 3802 opera
518 3716 588 3780 sola
609 3717 814 3802 acquievisse
836 3714 981 3794 videtur,
1014 3711 1073 3776 sed
1094 3710 1234 3775 fortasse

121 3826 177 3882 aut
193 3818 381 3882 universam
396 3816 565 3880 historiam
582 3815 774 3898 fabularem,
794 3825 830 3880 ut
843 3812 1005 3879 Lobeckii
1021 3815 1054 3877 in
1069 3811 1233 3898 Aglaoph.

122 3919 289 3985 1199411.
315 3917 426 3984 verbis
448 3928 530 4000 utar,
553 3925 597 3982 ud
616 3924 757 3982 historiae
774 3923 995 3983 similitudinem
1014 3921 1160 3991 traduxit,
1180 3922 1236 3976 aut

123 4046 166 4088 ex
187 4023 352 4107 indigesta
373 4029 520 4086 veterum
541 4019 727 4084 fabularum
752 4019 918 4104 farragine
937 4040 991 4082 eas
1013 4026 1139 4081 tantum
1161 4037 1235 4079 con-

122 4125 241 4209 gessit,
270 4145 354 4210 quae
374 4123 596 4210 pragmaticae
618 4121 683 4203 isti,
706 4143 801 4208 quam
825 4127 953 4201 vocant,
976 4117 1235 4203 interpretationi

122 4247 201 4310 prae
222 4225 340 4290 ceteris
359 4222 604 4311 responderent.

208 4326 297 4392 Hinc
328 4350 393 4397 non
422 4327 531 4416 inepte
565 4323 746 4416 explicabis
780 4323 957 4411 insignem,
992 4343 1056 4412 quo
1085 4328 1118 4385 et
1142 4319 1237 4409 Lysi·
