2962 5024
1181 430 1242 491 219

674 599 704 658 9.

219 715 271 779 01.
296 738 316 790 ς
345 717 385 775 55
413 706 569 777 άνασσε
598 709 803 797 Φαισάνᾳ·
833 710 1024 795 Δίδυμύς
1044 730 1165 797 φησιν,
1190 711 1243 781 ὅτι

135 812 256 891 πάντες
285 815 320 878 οί
344 807 700 898 ὑπομνηματισάμενοι
728 813 904 879 Φαισάναν
935 813 1039 897 φασὶν
1073 811 1158 880 εἶναι
1186 821 1245 900 τῆς

131 913 306 1000 Ἀρκαδίας
331 911 439 979 πόλιν.
492 909 595 992 αύτός
624 917 664 980 δέ
689 934 795 998 φησιν
824 911 909 981 εἶναι
937 920 996 997 τῆς
1015 911 1161 995 Ἠλιαίας
1189 919 1244 984 καὶ

136 1022 354 1100 παρατίθεται
373 1012 505 1099 Ἵστρον
535 1019 737 1100 ἱστοροῦντα
761 1017 799 1081 έν
827 1022 866 1103 τῇ
892 1018 1024 1103 πέμπτη
1045 1023 1113 1083 τῶν
1132 1015 1244 1085 Ἠλια-

136 1122 216 1184 κῶν.
261 1112 334 1199 ἤτοι
360 1108 425 1182 οὖν
453 1120 624 1200 Πίνδαρος
655 1115 831 1200 ψεύδεται,
859 1112 880 1202 η’
906 1116 963 1183 διά
991 1116 1029 1184 τύ
1053 1116 1115 1201 τὴν
1135 1124 1245 1186 Πίσαν

135 1214 201 1284 ὑπὸ
224 1229 292 1295 τοῖς
308 1212 443 1300 Ἀρκάσι
467 1215 547 1284 ποτέ
576 1219 735 1302 γενέσθαι
761 1217 956 1303 βασιλεύειν
974 1220 1057 1302 φησὶ
1078 1225 1136 1303 τῆς
1158 1226 1244 1286 Φαι-

133 1321 245 1403 σάνης.
293 1322 383 1384 Vrat.
411 1322 452 1384 A.
497 1321 632 1386 Vilioris
661 1323 773 1408 pretii,
804 1344 999 1410 quamquam
1031 1324 1242 1407 simillimum,

133 1421 278 1486 scholion
312 1432 361 1486 ost
396 1433 490 1486 votus
519 1424 667 1487 altorum.
722 1424 814 1488 Lites
852 1435 999 1488 vetorum
1031 1427 1244 1511 interpretum

134 1525 298 1610 componit
319 1524 507 1588 Boookhius
529 1524 616 1610 expl.
641 1526 736 1589 Pind.
761 1549 792 1611 p.
810 1530 868 1588 157
890 1526 1023 1591 Curtius
1036 1527 1214 1613 Peloponn.
1228 1529 1261 1590 Ι·

134 1648 166 1711 p.
190 1627 263 1688 340.

672 1714 720 1774 10.

220 1826 266 1890 ib.
291 1829 350 1888 115
377 1820 937 1946 σεμνδνθάλοςἈλκαιδάν
958 1825 1243 1912 Δίδυμόςφησι

135 1925 180 2011 μη
212 1925 378 2004 σῶζεσθαι
409 1923 470 1991 τόν
506 1924 627 2010 λόγον·
656 1924 716 1992 τὸν
737 1925 812 2049 γάρ
830 1924 994 2013 Ηρακλέα
1021 1928 1126 2007 θάλος
1153 1925 1246 1995 εἶπεν

132 2023 351 2093 Ἀλκαίδάν’
332 2024 398 2091 απὸ
424 2021 735 2113 Ἀμφιτρύωνος,
723 2026 760 2107 ὀς
788 2021 831 2113 ἦν
851 2032 1004 2097 Αλκαίον
1034 2043 1119 2109 παῖς.
1164 2034 1245 2110 ἔθος

136 2129 171 2195 δέ
201 2133 247 2216 τῷ
275 2128 435 2215 Πινδάρῳ
464 2127 547 2194 κατὰ
575 2135 637 2195 τοῦ
666 2129 741 2208 ενός
768 2131 905 2198 τάσσειν
932 2132 970 2198 τύ
998 2132 1242 2216 πληθυντικόν

136 2235 227 2296 Vrot.
249 2233 290 2295 A.
337 2231 508 2294 ‘Conioios
530 2232 704 2297 dolendum
727 2256 799 2298 osse
819 2232 864 2317 μή
887 2244 962 2299 anto
980 2235 1118 2299 verbum
1143 2230 1244 2313 σῶζε·
1354 2242 1358 2249 ’

137 2340 248 2399 σθαι.’
292 2332 478 2399 Boookhiuo
500 2356 532 2419 p.
559 2338 627 2399 116.
672 2334 746 2399 Non
766 2337 897 2402 accedo.

661 2503 728 2565 10³.

222 2619 267 2684 ib.
294 2621 352 2681 158
380 2614 564 2704 σκάπτῳ·
586 2612 867 2702 Ἀρίσταρχος·
890 2628 959 2695 τοῖς
980 2614 1063 2689 κατὰ
1084 2618 1144 2684 τόν
1165 2620 1246 2703 χρό-

138 2745 200 2785 νον
234 2723 354 2802 είπεῖν,
392 2715 598 2783 ἐπικελεύων
624 2723 693 2784 τῶν
727 2744 762 2785 τε
790 2722 1025 2801 Συρακουσῶν
1053 2724 1244 2803 μεμνῆσθαι

138 2821 192 2886 καὶ
216 2824 273 2903 τῆς
286 2815 466 2904 Ὀρτυγίας.
512 2816 597 2902 αὕτη
624 2820 663 2885 δέ
689 2820 757 2885 ἐστι
787 2819 952 2903 προσεχὴς
973 2831 1043 2897 ταῖς
1061 2819 1244 2903 Συρακού-

138 2938 212 2996 σαις
240 2922 343 3000 νῆσος
372 2917 426 2981 καὶ
456 2912 638 3001 άχωματος.
689 2915 707 2983 ὁ
737 2916 773 2982 δὲ
804 2967 811 2982 .
837 2966 844 2981 .
868 2966 905 2981 ..
935 2913 990 2981 διά
1018 2913 1078 2983 τὸν
1100 2913 1244 3004 Ἱέρωνα,

137 3020 207 3086 ἐπεὶ
234 3016 371 3084 ἄνωθεν
400 3018 437 3082 έκ
466 3016 645 3102 προγόνων
674 3017 877 3101 ἱεροφάντης
904 3029 978 3083 ταῖν
1000 3028 1099 3086 θεοῖν
1120 3015 1245 3085 ἀποδέ-

139 3123 274 3186 δεικται.
326 3117 366 3184 τά
399 3118 601 3204 προκείμενά
630 3138 735 3205 φησιν
762 3116 780 3184 6
814 3170 849 3183 ..
875 3170 881 3183 .
906 3170 913 3182 .
943 3120 998 3184 καὶ
1025 3125 1244 3205 παρατίθεται

138 3224 178 3287 τὰ
197 3225 358 3288 Φιλίστου
378 3221 432 3287 καλ
454 3219 494 3287 τά
521 3227 671 3307 Τιμαίου.
718 3223 802 3288 ‘Ubi
825 3224 973 3288 lacunam
996 3227 1106 3310 posui,
1137 3227 1170 3288 in
1193 3249 1245 3290 oo-

139 3324 211 3388 dioo
234 3333 283 3388 est
303 3326 486 3407 Πίνδαρος.Ι
528 3326 620 3408 Fuit,
642 3336 678 3389 ut
700 3325 814 3406 oredo,
837 3327 1019 3407 Δίδυμος.’
1055 3327 1244 3390 Boookhius

137 3448 169 3511 p.
195 3429 253 3490 153
274 3425 423 3490 Mueller.
447 3426 487 3490 fr.
510 3427 586 3492 hist.
608 3427 666 3491 Gr.
689 3427 755 3492 vol.
778 3427 796 3489 Ι
815 3449 847 3512 p.
870 3428 930 3488 215
956 3425 997 3489 fr.
1017 3429 1068 3488 91.

666 3617 714 3675 11.
925 3661 933 3675 .

224 3723 331 3819 Schol.
360 3711 412 3786 01.
443 3730 470 3788 Ζ
499 3729 538 3786 24
578 3685 775 3804 τρίπολιν
804 3731 951 3791 νᾶσον·
979 3721 1041 3807 τὴν
1064 3722 1179 3789 Ῥόδον
1202 3764 1245 3774 -

140 3824 328 3903 Δίδυμος
361 3822 406 3884 δέ
423 3839 522 3903 φησι
555 3822 609 3885 καὶ
646 3821 806 3903 τετάρτην
838 3820 922 3887 εἶναι
953 3822 1053 3888 πόλιν
1084 3822 1144 3904 τὴν
1179 3828 1246 3887 νύν

135 3920 276 4007 Ἀχαιῶν
297 3922 518 4005 καλουμένην.
542 3922 632 3986 Vrat.
656 3925 697 3987 A.
743 3924 796 3988 Of.
819 3926 894 3989 Liv.
920 3924 1059 3988 XXXII
1082 3927 1132 3989 23.
1157 3924 1242 3989 Plin.
1336 3951 1340 3958 ·

138 4027 169 4091 h.
193 4049 226 4090 11.
249 4025 279 4089 V
302 4027 343 4088 36
364 4032 430 4088 tres
451 4032 578 4088 tantum
604 4024 702 4089 urbes
725 4027 872 4110 cognitas
894 4025 1002 4090 habet.

670 4212 717 4274 12.

112 4381 113 4384 ,
223 4328 267 4393 ib.
302 4329 360 4390 153
392 4350 424 4413 p.
461 4330 517 4392 181
553 4327 718 4409 Πολέμων
753 4326 790 4390 έν
819 4330 865 4415 τῷ
897 4327 1070 4413 περὶτῶν
1092 4325 1244 4414 Θήβησιν
