2964 5010
1225 364 1266 425 35

697 532 727 592 7.

243 643 324 709 Hes.
350 643 386 706 ΙΙ
408 645 470 739 629
502 646 735 726 Μυκερίνα·
767 638 962 730 ἡΜέμφις,
989 652 1179 736 Δίδυμος
1205 652 1267 738 τὴν

158 745 256 811 Σάϊν.
284 741 405 828 ταύτης
433 739 497 828 γάρ
525 744 614 829 λέγει
635 739 814 829 Ἡρόδοτος
838 751 1035 831 βασιλεῦσαι
1060 758 1266 836 Μυκερῖνον.

159 849 208 914 Id.
228 833 325 935 snpra
351 850 639 928 Μουκερίναι·
660 846 758 926 πόλις
769 848 807 914 ἐν
818 846 991 940 Δίγόπτρι,
1014 849 1143 936 ἡΣάϊς.
1167 856 1268 921 Hero-

159 951 225 1017 doti
247 946 336 1015 loens
360 959 409 1014 est
431 950 465 1014 ΙΙ
491 953 548 1015 129
572 973 643 1038 oqq.

695 1122 724 1184 8.

239 1254 320 1320 Hes.
344 1255 380 1320 II
403 1259 464 1322 733
487 1252 681 1338 Οίσπάτη
706 1256 793 1343 (eod.
816 1253 984 1347 οίσπάτη),
1007 1253 1025 1324 ὁ
1047 1257 1165 1347 δάκος,
1188 1255 1207 1329 ὁ
1231 1260 1268 1328 δὲ

154 1360 348 1442 Δίδυμος
370 1353 430 1422 τόν
450 1361 520 1423 τῶν
539 1353 719 1442 προβάτων
742 1353 888 1440 (κόπρον
901 1359 978 1424 add.
995 1359 1136 1451 Salm.)?
1158 1361 1269 1431 ὄνθον

155 1457 346 1545 προβάτων.
376 1459 509 1546 Spectat
531 1458 574 1523 ad
590 1459 649 1523 Ar.
669 1458 749 1545 Lyo.
768 1463 830 1522 575
852 1468 884 1523 et
903 1459 1028 1526 cratin.
1050 1463 1268 1552 Dionysalex.

154 1563 195 1628 fr.
219 1564 252 1626 X
280 1586 311 1649 p.
339 1567 377 1626 17
400 1562 452 1626 ed.
475 1559 587 1624 Runk.
631 1559 720 1623 Male
748 1569 780 1623 ot
802 1561 919 1626 vitiose
940 1563 1203 1654 Kulenkampius
1226 1571 1269 1635 ad

154 1674 253 1752 etym.
284 1663 371 1729 Gud.
401 1687 433 1748 p.
457 1665 518 1726 984
539 1660 699 1747 Hesychii
721 1660 829 1725 locum
856 1664 903 1726 sic
925 1664 1073 1731 immutat
1092 1667 1217 1734 οίσπά
1225 1694 1269 1756 τη

155 1759 173 1829 ὁ
208 1769 278 1831 τῶν
300 1761 498 1849 προβάτων,
526 1763 688 1845 Δίδυμος.
745 1761 885 1828 Cautum
920 1769 1007 1831 enim
1038 1774 1270 1855 grammaticus

156 1868 397 1934 eruditissimus
421 1865 650 1930 adnotamento
671 1886 729 1929 suo
753 1887 825 1930 esse
847 1868 965 1953 voluit,
988 1894 1029 1936 ne
1051 1873 1269 1961 imperitiores

156 1976 281 2055 οίσιιην
307 1971 379 2035 sive
406 1966 552 2051 οίσύπην
579 1991 652 2032 cum
672 1967 818 2052 οίσπάτη
839 1971 1109 2039 confunderent..
1134 1975 1269 2064 Οίσότη

155 2074 242 2137 enim
278 2096 303 2136 s.
334 2065 501 2154 οἰσυπηρά
528 2071 602 2154 ἔρια
641 2069 800 2158 (Hesyeh.
825 2075 921 2137 etiam
946 2068 1140 2162 όσσυπηρά,
1165 2079 1269 2168 Phry-

155 2174 242 2239 nich.
266 2170 441 2257 οίσωπηρά
464 2173 569 2257 affert)
596 2183 645 2238 est
664 2181 737 2238 lana
756 2181 879 2240 succida
913 2178 984 2243 sive
1011 2186 1133 2260 rodda,
1163 2183 1269 2270 quade

156 2277 338 2365 ‘quaedam
359 2277 486 2341 notavit
507 2274 706 2361 Wesseling.
729 2278 771 2342 ad
793 2277 918 2344 Herod.
937 2303 970 2367 p.
983 2285 1055 2364 563,
1078 2286 1138 2346 42’
1162 2285 1268 2349 Koen.

156 2379 198 2444 ad
222 2379 322 2465 Greg.
348 2378 424 2443 Cor.
448 2381 526 2463 256,
557 2375 704 2463 οίσπάτη
731 2403 811 2445 vero
838 2382 1053 2468 Aristophani
1080 2393 1112 2449 ot
1135 2384 1269 2451 Cratino

157 2492 262 2562 ‘fimus
282 2490 405 2548 ovdlue’
430 2483 559 2548 dieitur.
596 2479 689 2549 Ἔστι
710 2477 774 2564 γάρ
794 2480 941 2566 οἰσπάτη
961 2480 999 2548 τὸ
1018 2487 1080 2549 τοῦ
1095 2484 1269 2572 προβάτου

157 2581 352 2668 διαχάρημα
363 2594 446 2650 teste
459 2594 500 2650 et.
514 2608 556 2650 m.
571 2588 631 2650 561
645 2585 747 2669 (619),
764 2587 811 2665 16,
831 2585 887 2668 qui
898 2583 1044 2671 Didymo
1056 2589 1176 2672 paruit.
1199 2588 1270 2653 Mu·

156 2687 233 2752 tilus
254 2710 325 2752 esse
344 2687 480 2753 Photius
501 2687 632 2752 videtur
655 2688 726 2766 323,
746 2688 785 2748 24
809 2681 957 2768 οίσποίτη
980 2676 1055 2751 οἷον
1079 2687 1157 2774 (leg.
1174 2690 1270 2776 οίων)

159 2786 278 2875 ῥύπος,
299 2794 451 2866 οίσυτος.
472 2783 715 2873 Ἀριστοφάνης
738 2782 960 2871 Λυσιστράτῃ.
982 2787 1117 2854 Excidit
1134 2790 1271 2878 Didymi

160 2891 394 2978 interpretatio.
438 2890 587 2957 Fuerunt
618 2893 715 2956 etiam
751 2894 807 2978 qui
836 2886 1006 2973 οἰσπώτην
1033 2901 1065 2956 et
1093 2891 1271 2977 σφυράδας

157 2993 243 3058 mole
266 2994 513 3078 confunderent,
536 2995 595 3059 sed
620 2995 676 3081 qni
698 2992 877 3082 Phrynichi
897 2993 1182 3080 reprehensionem
1204 3021 1269 3063 non

158 3096 338 3181 effugerent
369 3119 422 3183 ap.
454 3096 563 3161 Bekk.
597 3097 735 3163 anocdd.
771 3097 868 3180 157,
898 3101 916 3160 4
948 3096 1036 3182 (coll.
1065 3097 1148 3163 Poll.
1177 3099 1209 3163 V
1230 3104 1265 3164 91

157 3221 190 3285 p.
213 3201 273 3264 213
302 3198 411 3263 Bekk.
443 3199 500 3264 ubi
529 3223 591 3265 om.
622 3197 812 3283 σπάραδοι,
843 3197 1013 3283 κάραβοι,
1041 3201 1271 3286 σπορθάγγια,

159 3296 624 3415 πορθυγγίς-σπόρθυγγες).
714 3323 718 3330 ·

698 3478 728 3538 o.

245 3591 326 3658 Hes.
349 3591 479 3657 111146
501 3591 712 3678 Σαμιακὸς
733 3590 901 3674 τρόπος·
928 3588 992 3657 δύο
1012 3584 1152 3675 δηλοίη
1177 3590 1272 3673 λέξις,

159 3693 197 3758 ἓν
232 3689 310 3778 μὲν
334 3690 372 3759 τό
401 3691 456 3758 ἐπὶ
483 3695 623 3782 διαβολῇ
648 3702 716 3761 τῶν
744 3699 902 3778 Σαμίων,
935 3692 1205 3774 θρυλλουμένων
1228 3687 1274 3770 ὦς

160 3792 390 3880 κατεαγότων,
418 3792 565 3878 ἕτερον
593 3792 635 3861 δὲ
658 3790 709 3860 ὅτι
731 3796 768 3859 αί
786 3790 965 3875 λεγόμεναι
990 3787 1161 3875 Σάμαιναι
1189 3796 1272 3880 (vid.

160 3895 363 3963 Schneidew.
387 3899 430 3964 ad
448 3897 573 3983 Bergk.
603 3919 686 3961 com.
709 3895 777 3960 Att.
806 3918 838 3982 p.
862 3893 938 3974 439)
968 3893 1196 3979 κατέστρωντο
1223 3898 1270 3963 δι’

159 3990 251 4062 ὅλου.
307 4001 499 4084 Δίδυμος
527 3997 564 4064 δὲ
595 3993 653 4075 τάς
681 4000 856 4080 Σαμαίνας
884 3997 1069 4080 λδιαιτέραν
1097 3992 1187 4081 παρὰ
1215 3995 1273 4077 τάς

158 4093 260 4176 άλλας
281 4105 367 4178 ναῦς
390 4097 451 4186 τὴν
471 4094 683 4182 κατασκευὴν
704 4099 801 4181 ἔχειν.
839 4093 1017 4184 εὐρότεραι
1043 4094 1105 4182 μὲν
1126 4095 1190 4184 γάρ
1211 4100 1273 4166 είσλ

160 4195 218 4279 τάς
235 4202 406 4286 γαστέρας.
440 4200 520 4282 τούς
538 4202 574 4269 δὲ
597 4199 763 4287 ἐμβόλους
784 4205 1059 4284 σεσίμωνται,
1091 4193 1137 4278 ὥς
1159 4204 1273 4268 δοκεῖν

160 4301 319 4388 ῥύγχεσιν
341 4299 415 4370 ὑῶν
434 4299 556 4390 ὁμοίως
574 4301 853 4387 κατεσκευάσθαι,
877 4293 952 4367 οἷον
970 4305 1050 4386 [ίχθ]
1072 4298 1274 4396 ὑοπρηόρους

1017 4402 1062 4464 3ο
