2962 5024
587 418 777 459 ——u-
1180 399 1240 459 201

219 565 290 628 130.
311 560 388 630 οἵδ’
412 561 505 649 ἅμα·
539 566 639 627 τοῦτο
661 557 724 645 μέν
745 560 962 645 έμφαντικόν.
992 564 1076 627 ένιοι
1097 562 1134 628 δέ
1158 563 1243 648 γρά-

132 680 260 750 φονσιν
295 661 374 732 οἵδ’
403 661 479 751 ἄρα
507 661 670 741 πάντες.
711 666 957 747 Καλλίστρατος
984 661 1021 728 δὲ
1043 664 1098 729 καί
1116 660 1242 744 Ῥιανὸς

132 762 188 832 διὰ
207 769 271 831 τοῦ
292 771 322 852 λ,
345 764 422 833 οἵδ’
447 763 525 832 ἅλα
548 763 706 843 πάντες.
742 765 834 830 Harl.
876 766 966 829 ‘Hoc
987 769 1084 831 ctiam
1103 769 1242 833 coniecit

132 868 236 955 Toup.
253 870 329 935 Cur.
353 891 429 935 nov.
446 870 481 933 in
496 868 587 934 Suid.
603 891 635 933 v.
654 862 849 953 ἀνέρριψαν,
870 866 1007 931 laudans
1024 892 1043 951 η
1058 871 1119 933 328
1138 893 1158 932 ν
1171 872 1240 935 78.’

131 969 225 1034 Pors.

220 1074 288 1136 136.
311 1064 543 1156 αὐδήεσσα·
564 1064 775 1155 Ἀρίσταρχος
792 1063 1013 1155 ούδηεσσα.
1039 1071 1091 1137 cf.
1109 1072 1180 1137 Pal.
1200 1073 1240 1155 Q.

132 1172 224 1237 Harl.
245 1172 287 1238 ad
310 1195 325 1238 ε
348 1175 421 1237 334.
1274 1238 1275 1243 ,

217 1277 286 1339 160.
321 1271 369 1360 δη
395 1271 473 1360 γάρ
500 1298 589 1357 μιν·
619 1270 809 1357 Ζηνόδοτος
837 1267 912 1357 δην
939 1272 1017 1357 γάρ
1035 1298 1116 1357 μιν.
1146 1276 1240 1343 Harl.

214 1379 283 1439 170.
322 1371 464 1454 οὔπως
494 1365 582 1459 ἦεν·
613 1371 854 1460 Ἀριστοφάνης
887 1373 924 1439 δὲ
952 1370 1088 1454 οὔπως
1117 1372 1240 1462 εἶχεν.

130 1474 222 1541 Harl.

217 1598 286 1661 188.
314 1590 442 1676 Ῥιανὸς
468 1593 515 1681 δὴ
538 1591 609 1662 τότ’
634 1591 722 1680 ἐγών
743 1588 872 1677 ἀγορὴν
893 1593 1038 1677 θέμενος
1058 1593 1140 1678 μετὰ
1160 1603 1241 1683 μῦ-

128 1702 210 1760 θον
233 1698 357 1764 ἔειπον.
377 1699 471 1764 Harl.
497 1698 624 1786 (Vulg.)

151 1858 154 1862 -
216 1818 286 1880 190.
320 1807 503 1901 ιδφίλοι·
536 1810 783 1896 Καλλίστρατός
809 1829 914 1896 φησιν
942 1806 987 1891 ὡς
1013 1807 1082 1880 ὑπό
1102 1833 1195 1896 τινος
1221 1815 1240 1885 6

129 1920 239 2001 στίχος
274 1920 366 2006 (189)
400 1921 616 2003 προτέτακται
644 1912 852 2001 ἀγνοοῦντος
879 1912 917 1982 τὸ
941 1911 1123 2002 Ὁμηρικὸν
1148 1920 1239 2004 ἔθος,
1324 1990 1328 1996 ,

129 2011 175 2096 ὡς
194 2018 288 2084 θέλει
309 2013 472 2103 ἄρχεσθαι
495 2014 561 2085 ἀπὸ
584 2023 647 2084 τοῦ
667 2016 741 2102 γάρ.
776 2017 869 2082 Harl.
914 2017 966 2083 cf.
994 2019 1095 2086 schol.
1126 2021 1238 2109 Eurip.

128 2119 300 2186 Phoenica.
325 2123 387 2187 886
412 2130 444 2187 et
464 2121 556 2186 Harl.
580 2120 679 2186 vind.
706 2121 763 2181 133
783 2127 858 2205 post
876 2144 900 2203 μ
921 2125 990 2186 153.

217 2225 288 2287 193.
312 2224 354 2288 Η.
377 2224 399 2287 l.
420 2222 604 2288 Aristarchi
622 2221 743 2285 mentio
765 2221 921 2287 Nicanori
943 2222 1091 2288 debetur.

214 2326 287 2388 220.
332 2327 454 2390 ἔσταν
486 2317 515 2388 δ’
548 2321 631 2387 εἰνὶ
660 2318 838 2407 θύρησι·
872 2318 1085 2408 Ἀρίσταρχος
1118 2322 1241 2411 γράφει

129 2424 256 2489 ἔσταν
276 2419 310 2491 δ’
334 2425 378 2490 έν
397 2421 669 2509 προθύροισι.
692 2424 785 2488 Harl.

214 2546 286 2608 239.
320 2541 510 2629 Ζηνόδοτος
544 2541 615 2607 καὶ
643 2537 772 2618 πόδας
811 2539 944 2625 γράφει.
995 2542 1051 2608 καλ
1083 2543 1121 2608 έν
1152 2539 1242 2632 ἄλλφ

129 2640 277 2724 φωνην
298 2667 342 2710 τε
365 2647 510 2729 τρίχας
535 2666 577 2708 τε
599 2644 666 2708 καὶ
688 2642 823 2726 δέμας.
850 2643 944 2708 Harl.
967 2644 1043 2709 Vid.
1061 2645 1239 2711 Duenlzor.

128 2762 161 2825 p.
189 2744 257 2805 111.

215 2860 287 2920 242.
317 2859 397 2942 πάρ
417 2856 450 2945 ῤ’
476 2856 651 2927 ἄκολον·
679 2855 891 2946 Ἀρίσταρχος
912 2857 976 2928 οὐκ
998 2859 1069 2928 οίδε
1090 2858 1151 2929 τὸν
1169 2867 1242 2929 στί-

130 2980 200 3040 χον.
225 2951 243 3020 ὁ
264 2956 301 3022 δὲ
325 2962 570 3041 Καλλίστρατος
591 2957 665 3028 ἄντ’
690 2957 798 3028 αὐτοῦ
815 2959 956 3047 γράφει·
985 2964 1142 3042 παντὸς
1163 2961 1242 3049 μὴν

129 3053 391 3236 maggior
412 3065 611 3144 μελιηδέα
636 3062 811 3148 καρπόν.
833 3065 926 3130 Harl.
951 3066 992 3148 Q.
1009 3067 1051 3131 V.
1072 3068 1159 3211 Num¹
1180 3061 1241 3132 οὕ-

219 3277 303 3363 [268.
325 3281 397 3343 σοῖν
420 3270 629 3362 Ἀρίσταρχος
654 3277 727 3347 ἀντὶ
755 3287 817 3348 τοῦ
836 3287 935 3350 σῶον.
971 3285 1024 3350 of.
1046 3285 1145 3371 Soph.
1169 3240 1239 3350 00.

133 3382 213 3443 1210
233 3378 290 3444 ubi
312 3382 417 3444 ooitov
438 3380 567 3465 legitur,
587 3383 707 3447 rectius
729 3406 747 3448 a
765 3385 902 3473 Didymi
922 3385 1055 3472 mento]

214 3498 287 3559 281.
309 3490 459 3572 οὕτως·
479 3498 564 3562 ένιοι
585 3489 664 3564 αὖτ’
684 3489 722 3564 ω’.
746 3499 1005 3588 Vulg.'Schrew.
1026 3502 1149 3586 Recepi
1165 3500 1238 3564 coll.

128 3599 147 3658 λ
170 3598 222 3659 93.
245 3596 423 3660 Ducntzcr.
448 3601 516 3660 141.

216 3699 288 3758 315.
311 3697 499 3765 Aristonico
522 3701 654 3765 vindico
677 3701 730 3782 Q„
751 3703 813 3764 320
836 3701 1037 3766 Herodiano.

212 3797 285 3859 324.
317 3793 439 3880 καίμ’
476 3793 793 3882 ὀλοφυρομένη·
820 3795 1062 3883 Ἀριστοφάνης
1098 3801 1169 3862 καί
1195 3822 1242 3882 με

127 3896 367 3980 λισσομένη.
393 3897 447 3962 καὶ
469 3899 561 3964 ἔστιν
579 3892 644 3962 οὐκ
658 3893 774 3981 ἄχαρις
789 3894 809 3982 ἡ
826 3896 950 3983 γραφή.
975 3898 1066 3962 Harl.
1091 3898 1241 3964 Eustath.

109 4019 159 4082 p.
185 4000 277 4077 1660,
299 4003 329 4061 4.
353 3996 481 4063 Nauck.
506 4024 538 4086 p.
556 4002 607 4079 45,
623 4001 659 4060 51
684 3999 739 4063 κοιλ
762 3998 799 4064 δὲ
820 4022 860 4082 με
884 3999 1072 4081 λισσομένη.
1093 4000 1239 4087 Hesych.

126 4098 376 4182 λισσομένη·
399 4101 660 4184 παρακαλοῦσα,
683 4100 834 4182 δεομένη.
877 4099 1023 4164 Nilzsch.
1047 4100 1100 4163 111
1121 4123 1153 4185 p.
1180 4102 1239 4164 136
1344 4171 1348 4177 ,

123 4198 370 4283 μειλισσομένη.
416 4199 551 4265 (lanicio
585 4200 819 4284 δειδισσομένη
850 4199 924 4265 coll.
952 4224 972 4264 κ
995 4204 1056 4267 296
1089 4196 1111 4286 ἡ
1139 4202 1179 4266 δέ
1203 4199 1237 4267 σ’

123 4293 351 4367 ὑποδδείσασα
372 4299 545 4386 κελήσεται
570 4295 770 4385 εὐνηθῆναι.
