2932 5002
212 394 275 456 364

208 568 313 641 priore
337 560 508 644 merod)
537 565 653 624 nomine
676 566 772 636 filiam
800 565 966 639 Penelopen
995 566 1119 637 emovit,
1151 572 1184 623 ot
1205 569 1330 624 natatus

211 675 256 727 est
274 666 440 726 Herodotus
466 662 499 748 (i
511 661 715 746 Herodorus)
744 667 776 725 tn
801 667 845 739 ts,
872 668 1090 743 consempsit
1110 666 1148 726 de
1169 666 1280 726 Perseo
1299 673 1333 726 et

214 763 452 848 Andromedo²).
752 850 772 910 2

299 949 558 1037 Didymarchum
590 945 884 1032 pesoepoppnioenv
920 956 1102 1030 auctorem,
1137 970 1233 1035 quem
1273 970 1328 1034 ap.

212 1054 370 1118 Antonin.
398 1051 543 1117 Liberal.
569 1075 611 1133 κγ
639 1075 671 1138 p.
697 1053 756 1115 100
781 1051 833 1116 cd.
856 1049 980 1115 Teucb.
1007 1051 1091 1114 inter
1119 1051 1227 1116 fontes
1250 1071 1330 1114 suos

214 1155 255 1221 de
275 1154 371 1217 Batto
393 1163 542 1218 recenset
564 1152 754 1239 Pamphilus
779 1152 836 1217 lib.
857 1152 883 1234 1,
906 1152 1037 1216 aliunde
1059 1175 1124 1218 non
1146 1153 1233 1217 novi.
1262 1151 1329 1215 Ne-

214 1276 276 1341 que
296 1252 323 1317 I.
341 1253 382 1318 G.
400 1253 439 1317 L.
459 1254 648 1318 Mellmann.
673 1254 707 1317 in
729 1276 845 1319 comm.
871 1255 912 1320 de
933 1275 1039 1318 canes.
1062 1264 1094 1320 et
1115 1262 1217 1318 auctt.
1237 1274 1329 1316 narr.

214 1355 256 1421 de
278 1354 410 1419 mutatis
431 1353 545 1419 formis
570 1377 602 1441 p.
627 1356 667 1418 89
689 1355 787 1420 habet
810 1355 898 1442 qnod
915 1354 1067 1421 tenebrae
1089 1355 1199 1444 pellat.
1243 1355 1330 1419 Mihi

214 1455 458 1543 Didymarchus
491 1458 552 1522 iste
585 1479 713 1543 semper
742 1456 807 1522 fnit
833 1466 1019 1543 suspectus,
1053 1481 1148 1545 quem
1181 1458 1330 1544 Didymo

214 1566 326 1623 nostro
353 1579 373 1622 a
397 1558 567 1645 Pamphilo
596 1559 785 1644 saepissime
808 1557 951 1646 expilata
976 1560 1093 1624 cedere
1115 1560 1240 1625 iubenti
1260 1582 1330 1625 non

112 1715 113 1718 ,
213 1659 365 1724 multum·
379 1661 518 1725 obnitor.
574 1659 686 1724 Facile
719 1659 898 1724 condonari
930 1660 1065 1726 librario
1095 1670 1204 1750 potest
1237 1684 1332 1727 error

214 1759 432 1847 Διδύμαρχος
454 1761 610 1826 scribenti
631 1783 691 1847 pro
713 1783 762 1844 eo,
786 1761 873 1847 quod
885 1760 1075 1852 Pamphilus
1090 1762 1248 1845 voluerat,
1264 1767 1332 1829 Δί-

215 1900 287 1989 dvp'
311 1890 377 1987 'Ab
409 1907 576 1992 (Δίδυμος
593 1901 862 1992 messappiae),
884 1927 1079 1991 quamquam
1099 1907 1133 1969 in
1154 1917 1330 1971 comment.

215 2010 256 2072 de
283 2007 407 2093 Tryph.
427 2032 459 2094 p.
477 2010 517 2071 37
540 2008 688 2071 Bastium
705 2029 820 2072 comm.
841 2006 907 2093 pal.
925 2030 957 2092 p.
972 2009 1034 2070 782
1056 2016 1187 2071 secutus
1208 2010 1332 2093 negavi

216 2150 334 2235 siglam
362 2130 404 2225 dii
431 2143 674 2233 Ἀριστάρχειος
701 2173 797 2239 posse
826 2150 948 2216 valere.
992 2149 1131 2215 Accedit
1160 2149 1248 2237 quod
1276 2173 1330 2237 ap.

215 2253 417 2318 Antoninum
430 2253 675 2340 Didymarehus
696 2253 751 2317 ille
775 2254 808 2316 in
827 2254 990 2318 consortio
1012 2262 1147 2338 apparet
1163 2261 1196 2316 et
1209 2251 1332 2316 Nican-

216 2355 282 2437 dri,
312 2354 364 2418 cui
392 2376 492 2442 supra
517 2355 660 2419 diximus
682 2356 863 2441 Didymum
885 2375 983 2441 saepe
1005 2353 1220 2418 denunciasse
1238 2354 1333 2417 testi-

215 2456 369 2539 moninm,
393 2466 425 2521 et
447 2456 617 2541 Antigoni,
640 2479 736 2543 quem
758 2465 869 2521 nostro
893 2457 1044 2521 comitem
1060 2456 1211 2540 adiungit
1225 2454 1332 2519 schol.

216 2560 275 2623 Ar.
295 2558 383 2622 Avv.
405 2559 467 2622 299
489 2556 635 2644 Hesych.
660 2558 695 2623 11
718 2559 780 2621 217
803 2553 959 2637 κειρύλος
980 2557 1127 2622 Erotian.
1145 2555 1210 2620 lex.
1226 2555 1331 2643 Hipp.

216 2684 248 2747 p.
273 2661 311 2722 12
332 2660 408 2725 Fre.
456 2657 507 2723 Cf.
534 2656 635 2723 schot
660 2660 740 2723 Eur.
764 2658 887 2723 Phoen.
913 2663 983 2723 159.
1008 2699 1049 2707 —
1067 2656 1228 2722 Valckcn.
1250 2659 1334 2722 Am-

216 2782 302 2826 mon.
325 2782 357 2846 p.
381 2762 422 2825 92
443 2759 704 2847 Didymarchum
726 2761 868 2825 admisit.

303 2997 418 3062 Restat
439 2996 604 3083 Didymus
634 3019 686 3083 ap.
711 2996 805 3062 Serv.
828 2994 870 3060 ad
892 2994 993 3079 Verg.
1016 2995 1101 3059 Aen.
1122 2993 1175 3058 III
1197 2998 1237 3058 64
1263 2995 1333 3060 vol.

218 3097 234 3160 Ι
257 3119 290 3181 p.
317 3100 374 3161 187
399 3097 568 3162 edinen.
607 3104 712 3166 ‘Dicto
737 3111 836 3164 eutem
861 3107 906 3162 est
932 3103 1120 3177 cyparissus,
1149 3109 1182 3159 ut
1201 3101 1335 3176 Didymo

213 3205 328 3277 placet,
351 3191 427 3263 ἀπὸ
451 3201 525 3262 τοῦ
548 3195 667 3263 κύειν
690 3202 899 3281 παρίσους
928 3198 959 3262 h.
983 3220 1011 3262 e.
1030 3204 1249 3278 otoeqoolitcr
1267 3220 1334 3278 po-

217 3303 340 3372 nendo,-
360 3304 441 3378 quod
457 3309 486 3362 et
506 3320 606 3364 ramos
624 3309 729 3380 porto!
742 3309 909 3381 oequole'ter
925 3313 954 3365 et
964 3305 1108 3378 fuscius?
1143 3297 1334 3383 Quaeritur,
1369 3329 1374 3337 ·

288 3454 314 3520 1)
337 3455 442 3505 Tantos
462 3455 596 3520 dissipare
614 3455 746 3522 caligines
765 3458 878 3508 difficile
897 3463 948 3508 est.
971 3450 1099 3520 Ἆρναία,
1123 3457 1146 3506 si
1165 3473 1230 3507 vera
1248 3459 1336 3526 nomi-

218 3543 260 3593 nis
285 3542 372 3591 iorma
390 3546 446 3604 est,
477 3542 639 3593 derivabant
662 3544 779 3595 fortasse
799 3545 832 3595 ab
851 3533 1005 3606 ἀρνεῖσθαι
1028 3541 1100 3608 (coli.
1126 3545 1206 3593 Hom.
1233 3544 1286 3594 Od.
1314 3559 1335 3593 π

220 3635 269 3686 126
293 3623 310 3697 ἡ
330 3624 359 3681 δ’
378 3622 440 3683 οὔτ’
455 3619 623 3694 ἀρνεῖται
642 3623 776 3696 στυγερὰν
795 3624 913 3697 γάμον),
933 3637 964 3680 ut
982 3629 1097 3681 alterum
1113 3619 1207 3693 Ἅρνα,
1227 3630 1301 3694 quod
1320 3647 1336 3681 e

217 3724 312 3773 Tzsts.
329 3722 397 3786 Lyc.
413 3719 464 3771 644
487 3716 622 3783 protraxit
639 3717 811 3770 Tsschirner.
831 3719 865 3769 de
881 3734 954 3768 nom.
975 3718 1003 3767 in
1021 3715 1048 3766 st
1066 3716 1228 3767 exeuntibus
1247 3732 1274 3781 p.
1292 3717 1334 3768 17.

216 3837 251 3846 -
269 3809 329 3859 Nisi
346 3807 491 3874 legendum
507 3800 738 3870 οεῐἌκαρνανία.
757 3807 803 3856 Sic
818 3796 994 3872 Ἀμβρακίαν,
1012 3805 1124 3871 Augeae
1142 3803 1236 3866 filiam,
1256 3805 1337 3854 novit

217 3896 321 3947 Eudae.
340 3911 367 3960 p.
386 3895 431 3945 48.

286 3981 314 4046 2)
337 3980 526 4031 Andromedae
543 3978 682 4043 Euripidis
707 3978 741 4027 ir.
762 3976 812 4028 126
830 3978 929 4042 Wagn.
952 3992 986 4027 ex
1006 3976 1198 4042 Aristophanis
1222 3975 1336 4028 Thesm.

220 4067 287 4120 1008
309 4067 441 4132 petitum,
470 4065 559 4130 quode
582 4064 702 4115 Meinek.
726 4065 753 4114 in
780 4065 848 4115 dier.
868 4064 1007 4129 Marburg.
1029 4064 1097 4114 1846
1119 4079 1146 4128 p.
1168 4061 1236 4114 1085
1255 4062 1338 4127 dixit,

218 4154 349 4219 ablegans
369 4152 487 4203 lectores
511 4152 547 4202 ad
565 4151 666 4202 Enseb.
691 4151 750 4201 PE.
774 4167 801 4216 p.
821 4151 872 4201 854
891 4151 914 4200 Α
938 4155 1002 4200 ente
1026 4149 1119 4201 oeulos
1137 4148 1234 4198 habuit
1252 4151 1340 4201 etism

219 4241 335 4304 Procop.
353 4239 436 4304 Soph.
455 4237 537 4302 epist.
556 4237 617 4312 cod.
636 4236 724 4287 Vatic.
742 4236 849 4288 cccvl
868 4238 972 4287 Suecae
990 4237 1103 4301 reginae
1121 4252 1147 4285 n.
1164 4234 1213 4287 139
1232 4252 1259 4300 p.
1273 4237 1340 4302 228,

219 4341 279 4380 eum
297 4325 365 4374 dicit
377 4321 442 4373 sitis
454 4320 591 4389 γενοίμην
603 4313 727 4387 Iispaniis
738 4313 902 4388 ὑπόπτερος
917 4313 987 4390 ἀέρα
997 4316 1107 4392 τέμνων
1117 4321 1193 4391 (fort.
1207 4316 1342 4394 αἰθέρα).
