2932 5002
1184 406 1246 469 345

134 569 355 635 Herodianus.
376 607 419 620 -
437 569 582 656 Hesych.
605 568 623 631 Ι
644 591 676 655 p.
693 571 755 633 548
777 561 1055 651 &exsolesca-
1080 566 1246 655 ίσόττεδος,

134 664 254 754 ὁμαλή.
278 670 295 734 Ι
315 693 348 756 p.
375 673 455 735 1442
477 666 728 753 assereres·
751 669 918 747 ἐττίττεδος.
941 670 958 734 Ι
978 694 1010 758 p.
1033 675 1095 738 548
1117 667 1247 756 ἀρατ-

134 766 253 848 δόρν·
276 765 415 854 ὁμαλόν.
439 772 456 836 Ι
476 796 508 859 p.
532 775 594 837 548
616 764 858 851 lassescas·
882 766 1049 855 ripaticos,
1069 772 1245 857 ἐδαφῆοαι.

135 873 200 959 Ip.
217 874 279 937 549
301 865 496 955 ἇρττίδες·
516 867 636 956 ὁμαλά,
657 874 712 939 καί
735 874 893 957 κρηπῖδες
915 867 936 956 ἢ
956 867 1155 957 ὑποδήματα
1177 874 1247 941 Λά-

135 995 251 1050 κωνες.
272 973 290 1036 Ι
311 996 343 1059 p.
370 980 443 1039 1541
472 974 633 1058 ἐφεδίς·
656 973 825 1056 ίττίττεδον,
849 971 1020 1059 ταπεινόν,
1040 980 1148 1059 χαμαί.

220 1075 297 1141 Alia
324 1077 432 1142 sciens
453 1077 692 1163 praetermitto,
720 1098 748 1141 e.
771 1098 804 1161 g.
825 1070 1005 1159 Ἀφροδίτη
1026 1087 1068 1142 et.
1091 1102 1134 1143 m.
1157 1079 1245 1145 Gud.

135 1176 254 1263 Angel.
268 1199 295 1241 s.
307 1199 339 1240 v.
354 1176 463 1243 Cram.
481 1177 619 1243 anecdd.
633 1178 697 1243 Ox.
711 1176 728 1240 I
740 1180 790 1259 37,
802 1181 839 1242 31
854 1179 977 1262 βεῠδος
995 1188 1036 1243 et.
1055 1201 1099 1243 m.
1113 1184 1183 1263 195,
1195 1185 1247 1263 49,

133 1279 191 1345 ubi
214 1278 369 1366 deinceps
390 1278 565 1345 laudantur
593 1279 758 1367 Didymus
780 1279 989 1344 Herodianus
1010 1279 1248 1365 Diogenianus‚

135 1382 256 1463 γείτων
278 1389 321 1444 et.
344 1381 432 1447 Gud.
448 1385 516 1464 122,
537 1385 575 1446 12
596 1375 739 1464 ὄχεσφιν
760 1391 802 1445 et.
825 1403 868 1445 m.
892 1385 964 1464 645,
982 1384 1001 1444 2
1023 1368 1130 1445 eisin
1148 1382 1248 1469 Apol-

135 1479 201 1546 lon.
228 1481 366 1565 Ι1569,
391 1485 428 1545 15
458 1482 567 1548 Bekk.
595 1483 737 1570 reliqua,
763 1503 846 1569 quas
875 1483 1053 1548 secundum
1080 1481 1248 1547 literarum

136 1583 284 1649 ordinem
308 1581 437 1666 digesta
458 1593 556 1670 caput
569 1583 601 1648 V
619 1582 764 1646 efficient
783 1583 990 1671 inscriptum:
1011 1584 1180 1649 ‘Incertae
1194 1585 1249 1650 vel

13 1751 16 1758 ,
136 1684 254 1751 dubiae
277 1683 365 1749 sedis
387 1682 601 1769 fragmenta’

667 1877 703 1957 3.

281 2003 385 2088 Περὶ
414 2008 482 2090 τῆς
506 2008 614 2092 παρὰ
637 2002 851 2091 Ῥωμαίοις
875 2001 1104 2090 ἀναλογίας

658 2114 717 2165 sire

515 2195 574 2260 De
604 2195 866 2280 latinitate¹).

220 2308 293 2374 Hoc
317 2331 398 2395 opus
426 2332 446 2374 a
465 2312 642 2379 Frederico
664 2312 843 2378 Ritschelio
867 2312 1012 2399 Didymo
1032 2309 1248 2376 Chalcentero

135 2408 297 2474 vindicari
320 2409 397 2474 inde
419 2419 518 2495 patet,
540 2413 628 2500 quod
642 2413 677 2476 in
694 2412 806 2477 libello
824 2412 1021 2476 nitidissimo
1037 2417 1104 2476 ‘dic
1115 2419 1249 2476 alexan-

135 2516 309 2576 driniscbca
337 2514 559 2576 Bibliothelcen’
587 2537 619 2601 p.
646 2518 704 2576 140
732 2512 946 2577 Heliodorum
971 2513 1141 2576 metricum
1163 2512 1250 2598 apud

135 2612 316 2699 Didymum
338 2611 499 2676 Prisciani
524 2611 560 2676 Π
583 2636 616 2700 p.
639 2616 701 2677 394
728 2614 788 2677 Kr.
818 2611 986 2676 laudatum
1020 2635 1063 2677 ex
1090 2611 1152 2676 hoc
1177 2614 1249 2698 ipso

136 2713 208 2778 loco
230 2724 306 2779 ante
324 2713 468 2798 Augusti
490 2715 709 2802 principatum
732 2714 857 2778 vixisse
878 2711 1054 2778 concludit.
1077 2711 1132 2778 Ab
1153 2714 1249 2778 huius

135 2816 297 2880 sententia
326 2813 465 2880 discedit
487 2836 604 2880 censor
626 2815 702 2880 libri
723 2817 759 2880 in
781 2813 903 2879 annall.
926 2816 1011 2879 critt.
1034 2814 1142 2879 Berol.
1170 2816 1249 2879 1838

136 2915 173 2980 P.
186 2916 222 2981 II
232 2938 265 3002 p.
274 2918 332 2980 821
349 2939 419 3004 sqq.
438 2916 523 2982 God.
535 2916 770 3004 Bernhardyus
783 2919 818 2980 in
829 2914 959 2980 SuidaI
974 2919 985 2977 1
1003 2938 1035 3002 p.
1046 2918 1136 2999 1330,
1152 2920 1178 2996 1,
1194 2917 1250 3003 qui

135 3018 320 3104 suspicatur
335 3006 439 3084 totum
453 3028 690 3104 argumentum,
714 3017 802 3107 quod
823 3014 868 3102 gl.
888 3018 1076 3101 Δίδυμος
1094 3008 1113 3080 ὁ
1131 3013 1251 3081 Κλαύ-

135 3118 207 3194 διος
234 3118 453 3202 contineatur,
487 3120 529 3185 ad
556 3120 737 3206 Didymum
767 3120 926 3183 iuniorem
949 3120 1128 3204 pertinere,
1156 3119 1250 3182 cuius

134 3222 323 3285 memoriam
353 3220 404 3285 his
434 3219 504 3286 fere
523 3221 643 3286 finibus
665 3219 905 3286 circumscribit
933 3220 1124 3302 Aidepsos
1146 3212 1164 3284 ὁ
1189 3223 1249 3284 Κλ.

134 3344 185 3405 χρ.
201 3315 267 3386 'Aa
289 3344 424 3406 γραμμ,
448 3316 486 3399 ὃς
508 3322 748 3406 ίσοφίστεοοεν
766 3322 804 3387 ἐν
814 3316 931 3407 Ῥώμη.
955 3324 1079 3405 ἔγραψε
1096 3319 1172 3401 περὶ
1190 3314 1252 3402 ὀρ-

134 3426 343 3508 θογραφίας,
370 3423 446 3505 περὶ
474 3426 544 3489 τῶν
564 3416 809 3508 ἡμαρτημένον
831 3429 901 3489 κτλ.
947 3422 1121 3488 Claudium
1149 3423 1251 3505 igitur

134 3526 315 3611 Didymum
334 3524 411 3607 περὶ
433 3527 492 3607 τῆς
511 3521 601 3607 παρὰ
617 3519 788 3609 Ῥωμαίοις
806 3520 987 3607 ἀναλογίας
1009 3521 1181 3606 scripsisse
1200 3542 1250 3583 ar-

134 3625 285 3691 bitratur.
330 3625 418 3690 Huic
438 3628 591 3690 accinunt
612 3626 735 3689 Meurs.
757 3625 858 3709 gloss.
883 3624 1001 3689 Graec.
1023 3645 1056 3686 v.
1073 3618 1249 3705 δηνάριον,

135 3725 338 3808 σεστίρτιον,
360 3725 491 3790 Fabric.
513 3725 594 3791 bibl.
611 3725 669 3791 Gr.
691 3724 758 3788 VII
778 3747 811 3810 p.
826 3729 866 3788 57
885 3722 1021 3787 Lersch.
1044 3721 1249 3808 Sprachphil.

205 3899 232 3965 1)
257 3899 300 3950 cf.
320 3913 407 3949 meam
431 3898 464 3949 de
482 3897 632 3949 Philoxeno
656 3896 878 3947 dissertationem
896 3894 1040 3958 Philologo
1063 3894 1193 3946 insertam
1212 3897 1252 3946 1v

133 3989 149 4038 4
169 4004 197 4053 p.
216 3985 268 4038 ooo
288 4001 364 4051 sqq.‚
392 3985 420 4034 in
446 3999 501 4050 qua
525 3999 595 4050 quae
617 3984 650 4034 dc
674 3989 767 4034 aetate
790 3980 962 4048 grammatici
980 3979 1037 4029 dixi
1059 3997 1113 4031 non
1133 3981 1251 4032 debebat

134 4072 283 4124 sollicitare
301 4072 345 4122 W.
363 4072 496 4123 Ribbeck.
516 4072 550 4121 de
568 4069 700 4122 Zenodot.
720 4087 747 4136 p.
768 4070 802 4132 5,
821 4068 883 4134 qui,
908 4067 932 4117 si
950 4066 1093 4118 Philoxeni
1112 4074 1139 4118 et
1159 4069 1250 4120 Timo-

133 4160 188 4210 thei
214 4158 551 4225 dithyrambographorum
577 4156 705 4222 Cyclopis
729 4156 911 4217 meminisset,
940 4154 974 4204 de
991 4155 1133 4205 Philoxeni
1151 4155 1250 4221 glossis

132 4232 285 4296 Homericis
310 4245 337 4298 h.
356 4245 374 4296 1.
400 4260 455 4295 non
479 4244 639 4312 cogitasset.
661 4269 695 4278 —
720 4241 797 4293 Adde
819 4242 856 4293 H.
881 4241 990 4299 Plansr.
1018 4241 1051 4297 de
1074 4243 1250 4315 Tyrannione

132 4347 159 4401 p.
175 4332 219 4385 29.
238 4331 282 4387 30.
