2932 5002
1203 427 1266 489 397

696 598 723 657 1.

239 715 372 781 Hellad.
393 737 445 803 ap.
467 715 562 778 Phol.
588 716 648 777 533
671 712 692 775 b
717 716 755 775 17
775 709 883 774 Bekk.
907 703 959 774 ὅτι
979 713 1162 794 παροιμίαν
1183 705 1271 776 εἶναί

155 837 238 904 φησι
259 813 320 883 τὸν
342 815 454 895 δεξιὸν
474 811 677 881 ὑποδεῖσθαι
700 811 798 894 πόδα,
818 808 880 877 τὸν
896 806 929 876 δ’
953 807 1133 897 άριστερόν
1154 817 1267 892 νίζειν.

155 922 237 1006 φησὶ
259 916 324 1003 γάρ
346 913 551 1001 ὁΠολίμωυ,
575 911 620 992 ὡς
642 926 785 1000 ματυρεῖ
802 916 1005 998 Δίδυμος,
1028 916 1189 994 (δεξιὸν
1210 920 1271 995 είς

155 1018 352 1106 ὑπόδημα
374 1013 604 1100 ἀριστερὰν
627 1021 685 1094 είς
709 1012 1005 1100 ποδάνιπτρα]

241 1123 314 1188 ‘Ol
337 1121 461 1186 Zenob.
483 1121 537 1184 Ill
556 1124 596 1185 36
616 1118 742 1184 Bodlei.
767 1119 837 1184 cod.
860 1119 967 1183 Gales.
991 1122 1053 1184 332
1071 1121 1162 1187 Suid.
1188 1124 1269 1187 lam-

157 1226 254 1290 blieh.
281 1218 319 1287 12
347 1249 379 1310 p.
402 1227 464 1290 338
487 1224 631 1287 Kiessl'
665 1221 819 1285 Leulseh.
843 1220 971 1285 Nauck.
994 1221 1164 1310 Aristoph.
1187 1224 1268 1310 Byz.

154 1353 185 1414 p.
210 1330 272 1391 236
293 1325 391 1390 Prell.
416 1326 538 1391 Polem.
562 1324 603 1388 fr.
629 1324 684 1388 01.

697 1460 728 1521 2.

242 1581 366 1645 Zenob.
399 1580 434 1644 ΙΙ
468 1583 502 1643 31
543 1568 623 1665 (νοΙ.
660 1576 676 1639 Ι
706 1598 738 1661 p.
771 1578 806 1637 41
833 1575 861 1637 L
891 1585 922 1639 et
945 1576 981 1662 S)
1010 1571 1120 1665 αὐτῷ
1142 1583 1268 1664 κανςδ·

157 1679 243 1766 αὕτη
264 1681 413 1747 τάττεται
436 1677 519 1746 κατά
543 1683 611 1744 τῶν
633 1672 742 1759 ἄρδην
757 1671 875 1741 ὁτιοῦν
898 1681 1163 1761 λυμαινομένων.
1188 1678 1271 1763 φησὶ

157 1783 221 1867 γάρ
246 1779 264 1849 ὁ
288 1785 493 1865 Δίδυμος,
514 1776 566 1847 ὅτι
587 1777 626 1844 τά
643 1783 763 1845 δεῖπνα
786 1777 839 1843 ἐπὶ
858 1784 973 1843 κανῶν
996 1780 1179 1865 ἐκομίζετο,
1209 1807 1271 1846 κα-

156 1884 269 1968 θάπερ
288 1885 326 1950 ἐν
347 1883 459 1968 Γρυυὶ
482 1883 570 1965 λέγει
598 1883 653 1946 καὶ
674 1878 833 1945 Πλάτων·

323 1980 534 2069 άνηρπάκασ’
560 1977 770 2061 άπαξάπαντ’
795 1977 887 2070 αὐτῷ
909 1987 1010 2070 κανῷ.

241 2088 417 2174 Vulgatam
439 2087 477 2150 ἐν
498 2090 665 2170 Κρονίοις
685 2086 814 2169 λέγεται
835 2108 919 2149 corr.
944 2086 1141 2152 Meinekius.
1179 2087 1271 2151 lde'm

157 2190 366 2277 proverbium
403 2190 568 2255 illustrant
604 2188 729 2253 Bodlei.
770 2191 828 2251 155
865 2187 963 2272 Diog.
1003 2187 1037 2251 Il
1069 2193 1109 2253 39
1150 2189 1197 2252 lv
1229 2193 1270 2254 68

158 2296 271 2378 Apost.
294 2293 340 2356 IV
364 2297 404 2357 97
426 2293 478 2357 IX
500 2295 536 2355 21
562 2295 637 2357 Ars.
656 2294 707 2355 85.
730 2292 802 2354 242.

701 2481 731 2542 3.

243 2595 366 2661 Zenob.
387 2593 435 2658 IV
457 2597 496 2658 211
515 2593 546 2681 (Ι
566 2616 598 2681 p.
617 2596 672 2676 89)
697 2587 876 2677 ήἈμαία
897 2589 974 2678 τήν
994 2591 1179 2679 Ἀζησίαν
1199 2622 1270 2682 με-

158 2701 330 2781 τῆλθεν.
376 2697 504 2779 ίστορεϊ
528 2697 731 2779 Δίδυμος,
754 2693 807 2761 ὅτι
834 2691 950 2780 Ἀμαία
979 2696 1041 2781 μὲν
1063 2692 1084 2782 ή
1105 2698 1269 2783 Δημήτηρ

160 2793 250 2880 παρά
272 2802 479 2882 Τροιζηνίοις
498 2797 800 2881 προσαγορεύεται,
818 2793 946 2882 Ἀζησία
969 2800 1005 2865 δὲ
1027 2796 1048 2884 ἡ
1071 2798 1177 2885 Κόρη.
1204 2796 1268 2865 άπὸ

158 2905 245 2983 γοῦν
270 2905 327 2984 τῆς
354 2895 546 2983 ίστορίαςή
575 2905 735 2985 παροιμία
766 2898 931 2985 προήχθη.
981 2903 1111 2986 λέγεται
1147 2902 1183 2969 δὲ
1217 2903 1271 2968 ἐπὶ

159 3009 226 3067 τῶν
248 3005 460 3089 πολυχρονίῳ
483 3000 613 3085 ζητήσει
629 3003 820 3086 χρωμένων.
866 3003 1068 3081 Πλούτωνος
1090 3003 1155 3090 γάρ
1179 3013 1271 3089 Περ-

160 3102 312 3187 σεφόνην
332 3097 545 3187 ἁρπάσαντος
570 3098 768 3190 ήΔημήτηρ
788 3100 853 3170 άνά
865 3109 977 3171 πάσαν
1004 3104 1066 3192 τήν
1088 3111 1153 3193 γῆν
1175 3131 1272 3193 περι-

158 3205 211 3293 ήει
230 3204 357 3288 ταύτην
376 3209 529 3289 ζητοῦσα.

244 3309 377 3373 Habent
408 3310 469 3375 hoe
494 3333 587 3398 prov.
616 3309 712 3375 Bodl.
736 3314 796 3375 478
825 3311 941 3398 Apoet.
964 3311 999 3375 ΙΙ
1025 3313 1064 3374 87
1088 3312 1206 3377 Arsen.
1230 3316 1270 3375 50

158 3412 323 3477 Plutarch.
348 3416 385 3474 41
402 3412 493 3477 said.
507 3409 676 3497 -Ἀμαία
688 3411 892 3478 Schneidew.
905 3435 965 3499 pro
979 3407 1081 3495 ‘Ape'a
1103 3421 1135 3476 et
1157 3407 1269 3496 άμαῑα,

158 3515 308 3579 Mueller.
334 3517 369 3578 in
392 3515 513 3600 Aegin.
534 3539 567 3601 p.
590 3521 643 3579 171
677 3520 791 3600 Δαμία
811 3512 874 3599 τήν
896 3510 1078 3597 Αὐξησίαν.
1123 3513 1270 3580 Lobeek.

159 3614 321 3700 Aglaoph.
331 3618 392 3677 822
405 3616 547 3680 conferri
560 3616 651 3681 iubet
658 3612 929 3704 Ηοεηολιάμμάς.
955 3614 1269 3680 Osr.P1-ell.Demet.

158 3738 190 3779 u.
209 3714 364 3800 Perseph.
389 3718 450 3779 325
469 3740 517 3803 sq.
563 3712 717 3800 ῬἉχαιά,
741 3740 805 3805 quo
828 3717 1019 3786 docereris
1049 3719 1179 3782 nomine
1202 3717 1271 3781 dixi

161 3816 193 3879 in
216 3838 332 3880 comm.
355 3816 397 3881 de
418 3817 482 3882 lex.
507 3841 588 3882 eom.
611 3841 643 3904 p.
668 3821 719 3882 80.

702 3942 733 4001 4.

245 4053 389 4140 Hesyeh.
418 4054 452 4118 II
476 4057 533 4119 481
562 4059 861 4139 Διμοδωριεῑς·
889 4050 998 4134 οὕτως
1019 4054 1212 4141 ἐκλήθησαν
1241 4057 1275 4121 σί

159 4150 225 4221 άπὸ
242 4154 519 4241 Πελοποννήσου,
541 4151 685 4240 ἀφορίας
703 4164 847 4244 χαλεπῆς
869 4158 940 4225 ἐκεῖ
949 4163 1139 4245 γενομένης.
1172 4154 1271 4226 άποι-

161 4258 336 4337 κισθέντες
364 4256 419 4325 διά
445 4259 571 4347 ταύτην
600 4258 662 4345 τήν
692 4265 802 4327 αἰτίαν
828 4262 882 4328 καλ
916 4266 1165 4339 κατοικίσαντες
1196 4262 1270 4344 περὶ

153 4355 269 4425 Ῥόδου
296 4363 351 4428 καὶ
383 4366 519 4429 Κνίδον.
570 4368 762 4450 Δίδυμος
794 4366 829 4431 δὲ
859 4360 939 4444 τούς
967 4366 1042 4447 περὶ
1072 4360 1133 4449 τήν
1163 4369 1269 4450 Οίτην
