2964 5010
234 400 275 459 44

235 568 271 629 in
302 562 435 627 brevius
467 571 650 626 contractas
679 563 726 626 ita
751 561 981 647 componebat,
1011 570 1047 626 ut
1072 561 1143 626 lere
1176 561 1222 642 ei,
1255 582 1352 647 quam

235 666 340 752 primo
362 663 433 727 loco
454 673 599 750 poneret,
621 685 716 729 suum
738 661 898 728 calculum
920 663 1088 729 addidisse
1105 662 1282 744 videretur,
1305 664 1351 726 in·

237 768 338 852 digno
360 775 470 830 tamen
490 788 533 830 ne
555 787 595 829 ea
616 765 748 853 quidem
772 787 929 853 oppressa
949 764 1096 845 silentio,
1117 764 1171 828 cui
1193 764 1352 829 minorem

235 871 306 955 ipse
332 865 597 953 probabilitatem
618 866 788 932 tribueret.
833 867 949 955 Itaque
971 864 1223 930 Eratosthenem
1245 865 1353 953 Lyco-

234 970 456 1057 phronemque
478 989 557 1055 prae
579 972 696 1033 ceteris
718 990 791 1032 eum
812 968 1026 1050 consuluisse,
1048 990 1122 1032 oum
1140 989 1199 1053 per
1222 989 1257 1033 se
1278 990 1352 1054 pro-

236 1071 345 1137 babile
368 1073 425 1155 sit,
458 1079 528 1134 tum
558 1068 779 1157 compluribus
815 1068 858 1132 ad
888 1068 1051 1156 liquidum
1088 1092 1140 1133 me
1172 1069 1351 1155 perducere

235 1196 333 1261 posse
357 1173 558 1259 argumentis
581 1169 724 1253 confido,
753 1171 929 1236 dummodo
957 1171 1020 1236 hoc
1044 1170 1124 1235 mihi
1145 1170 1351 1254 concedatur,

235 1297 303 1340 non
331 1283 486 1359 excerpta
512 1273 671 1359 quaedam
700 1294 718 1336 e
743 1273 880 1360 Didymi
907 1274 1019 1338 nescio
1049 1271 1167 1360 quibus
1190 1294 1352 1338 commen-

236 1377 329 1441 tariis
364 1374 593 1461 amplioribus,
626 1374 684 1439 sed
716 1383 846 1462 praeter
881 1372 1039 1457 τραγικὰς
1072 1375 1170 1439 etiam
1204 1373 1353 1458 κωμικὰς

237 1477 341 1555 λέξεις
370 1476 523 1562 Didymi,
556 1498 636 1563 quas
669 1477 891 1561 composuisse
923 1498 997 1541 eum
1029 1476 1115 1541 Ome
1145 1486 1259 1542 auctor
1292 1488 1352 1560 est,

237 1602 350 1645 omnes
373 1580 406 1644 in
428 1578 588 1666 Hesychii
609 1581 764 1664 congerie
787 1580 905 1644 inesse.

769 1752 821 1815 25.

323 1868 413 1952 Age,
435 1877 472 1931 ut
492 1867 657 1951 geminum
679 1868 864 1954 exemplum
881 1891 1037 1955 promam,
1060 1870 1352 1960 audiamus-Didy-

238 1994 327 2036 mum
345 1969 464 2035 Athen.
479 1967 528 2032 IV
544 1991 576 2053 p.
600 1968 694 2034 1390
712 1992 782 2057 sqq.
817 1973 922 2034 ταῦτα
943 1967 1006 2053 μὲν
1028 1964 1046 2035 ὁ
1069 1971 1243 2054 Πολέμων.
1267 1970 1353 2053 πρὸς

239 2068 281 2139 ὃν
305 2066 490 2153 ἀντιλέγων
514 2065 748 2150 Δίδυμοςὸ
779 2070 1072 2156 γραμματικός
1100 2111 1136 2120 -
1166 2070 1352 2159 διαρρήδην

239 2172 367 2257 λέγων,
388 2169 490 2256 μάζας
511 2169 549 2234 ἐν
568 2180 639 2247 ταῖς
661 2177 774 2237 κοπίσι
796 2177 1209 2254 παρατίθεσθαι-τούτο
1232 2171 1297 2258 γάρ
1321 2177 1356 2240 oi

239 2276 385 2363 βάρακες
402 2275 581 2357 δηλοῦσιν,
608 2267 684 2355 cdxl
705 2270 870 2357 τολύπας,
896 2270 942 2353 οἷς
963 2294 1046 2360 φησι
1070 2273 1309 2359 Λυκόφρων
1332 2273 1354 2361 ἢ

240 2375 280 2444 τά
303 2371 552 2461 προφυράματα
575 2377 644 2438 των
666 2377 794 2460 μαζῶν,
813 2369 859 2452 ὣς
878 2371 1162 2463 Ἐρατοσθένης“).
1208 2378 1352 2444 Consen-

238 2483 279 2548 tit
299 2480 379 2544 Hes.
395 2479 484 2543 1-691
504 2474 705 2562 Βάρακες·
729 2473 771 2541 τά
792 2475 1037 2562 προφυράματα
1058 2484 1117 2565 τῆς
1138 2477 1261 2564 μάχης,
1282 2487 1353 2546 Ατ-

240 2580 327 2649 ιικοὶ
354 2578 391 2648 δὲ
419 2577 569 2666 βήρικας.
615 2582 713 2664 δηλοῖ
738 2574 776 2644 di
806 2577 861 2643 καὶ
889 2578 948 2644 τὸν
971 2579 1102 2666 λύπην,
1135 2583 1187 2647 cui
1206 2581 1277 2649 loco
1297 2585 1354 2648 im·

239 2694 351 2772 pactas
377 2681 522 2747 maculas
550 2682 721 2766 detergere
748 2682 857 2746 studet
878 2682 1015 2749 Salmas.
1038 2706 1114 2750 exx.
1142 2683 1228 2749 Plin.
1248 2707 1281 2771 p.
1301 2688 1353 2768 90,

240 2784 452 2851 rescribendo
472 2780 733 2867 προφυράματα,
754 2779 866 2868 μάζης,
888 2780 950 2869 τὴν
971 2782 1166 2871 ιολύπην’).
1193 2787 1356 2852 Succedat

240 2887 371 2951 tertium
395 2885 581 2971 exemplum
600 2884 812 2949 simillimum.

771 3056 822 3118 26.

326 3173 365 3237 In
397 3170 529 3237 scholiis
561 3171 604 3236 ad
636 3172 696 3237 Ar.
727 3173 849 3262 Vespp.
880 3175 941 3238 239
974 3175 1093 3238 citatur
1114 3176 1287 3266 Lycophro
1312 3201 1354 3243 ex

241 3275 468 3340 Eratosthenis
490 3275 700 3339 auctoritate:
729 3278 799 3339 Τοῦ
818 3270 987 3359 κορκόρου
1008 3271 1111 3359 πρὸς
1128 3276 1199 3344 τὸν
1219 3278 1355 3345 Avari-

310 3466 336 3533 1)
360 3465 403 3517 Cf.
422 3464 591 3531 Bernhardyi
609 3465 750 3518 Eratosth.
772 3467 875 3518 XLVII
894 3484 920 3534 p.
935 3469 986 3521 233
1002 3486 1063 3536 sqq.
1082 3471 1284 3520 -Praeterea
1301 3469 1355 3522 huc

241 3554 360 3620 pertinet
382 3551 503 3618 Hesych.
534 3552 548 3602 I
572 3568 598 3617 p.
624 3552 675 3605 bul
704 3546 814 3621 βάρβαξ
834 3555 890 3620 Ip.
911 3556 961 3607 724
992 3547 1097 3623 βήραξ,
1125 3557 1212 3609 Behk.
1239 3557 1354 3608 aneodd.

184 3652 187 3657 ’
241 3641 420 3706 1p.2ao,1
447 3645 483 3690 et.
502 3656 537 3690 m.
557 3639 735 3704 188=171‚
754 3641 798 3694 30.
815 3642 944 3693 Eustath.
965 3644 1045 3706 1414,
1065 3642 1158 3694 29.-
1174 3644 1238 3694 Vid.
1257 3645 1354 3710 Steph.

242 3728 324 3782 Thes.
343 3730 407 3781 Par.
425 3729 454 3779 11
472 3728 541 3780 fasc.
558 3729 573 3779 1
591 3745 618 3795 p.
639 3730 689 3781 115
715 3729 835 3781 Lobeclr.
857 3730 991 3797 Aglaoph.
1010 3732 1039 3781 11
1064 3747 1092 3795 p.
1112 3731 1255 3782 1064-9.
1278 3732 1354 3784 1071.

245 3817 324 3879 loro,
349 3817 395 3882 qui
421 3832 481 3868 cum
505 3807 608 3884 βάρηξι
634 3818 775 3883 aptissime
802 3819 942 3870 contendit
966 3812 1109 3882 θιάηονας
1131 3819 1198 3869 Hes.
1221 3818 1287 3870 Ath.
1312 3821 1355 3871 ΠΙ

241 3920 268 3969 p.
289 3905 384 3955 11413.
410 3931 442 3941 -
467 3904 560 3955 Fluxit
585 3904 693 3970 quidem
718 3904 830 3971 Didymi
857 3906 925 3956 satis
949 3906 1065 3956 verbosa
1089 3904 1246 3967 adnotatio,
1274 3922 1355 3972 quam

240 3989 338 4041 Athen.
359 3989 407 4042 l.l.
426 3991 591 4041 adverbum
612 3992 810 4057 transscripsit,
831 4009 863 4043 ex
881 3992 1011 4057 ampliore
1028 3992 1146 4058 quadam
1164 3991 1282 4043 hominis
1301 3993 1355 4044 dis·

240 4077 396 4141 putatione,
415 4093 470 4140 qua
486 4076 659 4127 Polemonem
679 4079 885 4143 grammaticum
904 4076 970 4141 (vid.
990 4077 1102 4127 Preller.
1120 4077 1225 4127 Polam.
1244 4094 1271 4144 p.
1293 4079 1354 4145 137)

243 4163 406 4226 exagitavit3
432 4162 479 4212 sed
498 4179 630 4213 summam
647 4165 705 4214 eius
725 4165 752 4213 in
772 4165 902 4214 comicum
919 4163 1027 4213 lexicon
1046 4165 1257 4230 transmigrasse
1274 4163 1355 4216 sidem

241 4246 309 4297 facit
324 4249 453 4298 instituta
467 4248 602 4299 Athenaei
619 4249 820 4315 Hesysohiiqno
837 4250 1014 4314 comparatio.

312 4331 338 4399 2)
357 4333 390 4383 In
408 4334 475 4386 Hes.
494 4333 508 4383 Ι
527 4334 579 4385 654
598 4351 646 4402 pro
663 4326 776 4402 άχαλας.
796 4328 888 4394 λύπας
904 4335 966 4402 lego
986 4326 1089 4403 άχαίας
1107 4327 1274 4393 τολύπας.
