2964 5010
244 397 285 459 20

243 556 369 644 ρευτὴν
401 553 421 642 ’ἡ
449 559 564 640 πέρδιξ
588 560 861 642 προκυλινδελται
884 553 1008 645 αὐτοῦ,
1029 559 1245 645 ἐπισπωμένη
1273 557 1358 647 πρὸς

244 660 376 746 ἑαυτήν.
421 656 467 739 ὡς
486 660 523 725 δὲ
549 663 675 736 γίνεται
700 661 777 744 περὶ
802 657 840 726 τὸ
863 655 1025 745 ἆγρεῦσαι
1047 656 1172 747 αὐτην,
1206 666 1241 728 oi
1263 682 1357 730 νεοσ-

242 765 297 831 σολ
312 761 514 849 φεύγουσιν,
533 757 601 828 εἶτα
615 762 671 829 καλ
685 757 770 846 αὕτη
785 764 961 849 διαδρᾶσα,
972 758 1118 849 ὕστερον
1133 760 1259 843 αὐτοὺς
1272 784 1357 832 συν-

243 892 327 954 cysa.

242 1018 243 1022 ,
328 970 474 1059 Hesych.
506 968 815 1053 ἐκπερδικησαι
843 968 997 1056 (Palmer.
1028 967 1286 1054 ἐκπερδικίσαιλ·
1316 970 1355 1036 τὸ

242 1076 457 1155 διολισδηναι
476 1071 531 1136 καὶ
554 1072 732 1153 διαδρᾶναι
749 1065 815 1135 ἀπὸ
834 1073 903 1135 τῶν
921 1071 1091 1153 περδίκων
1106 1075 1349 1156 μεταφορικῶς.

235 1180 441 1257 ,πανοῦργον
469 1168 534 1256 γὰρ
558 1168 595 1237 τό
617 1175 703 1250 ζῶον
726 1171 781 1237 καλ
803 1169 1045 1254 διαδιδράσκον
1064 1169 1144 1250 τούς
1165 1178 1353 1257 θηρῶντας.

243 1280 294 1344 Os.
314 1276 443 1342 Aelian.
465 1275 497 1339 h.
520 1296 550 1338 s.
570 1274 622 1337 ΙΙΙ
648 1277 697 1338 16.
742 1272 824 1337 Abr.
846 1273 991 1339 Gronov.
1020 1275 1187 1339 animadv.
1211 1276 1253 1340 ad
1276 1276 1308 1339 h.
1333 1276 1354 1340 l.

240 1405 272 1469 p.
300 1385 392 1445 1005.
479 1376 481 1378 ’

780 1480 798 1542 3

326 1580 434 1647 Schol.
455 1583 514 1646 Ar.
539 1582 623 1646 Plus
641 1551 719 1645 ⁴388.
750 1527 907 1644 essindd.

418 1946 420 1951 .
509 1832 757 1937 Ἀπορουμένης
777 1738 896 1931 λ2ίξεως
917 1858 989 1918 libri
1015 1857 1084 1920 VII.

780 1977 808 2036 l.

325 2075 433 2139 Testis
452 2082 502 2138 est
522 2096 605 2139 unus
626 2073 786 2160 Harpocr.
806 2078 856 2157 54,
878 2076 918 2137 25
940 2069 1201 2159 Δερμηστής·
1226 2078 1355 2153 Λυσίας

239 2179 277 2244 ἐν
297 2182 344 2266 τῷ
359 2172 443 2260 πρὸς
458 2173 645 2258 Εὐπείθην.
675 2177 865 2258 Δίδυμος
886 2174 950 2259 μὲν
970 2170 1156 2242 ἀποδίδωσι
1179 2172 1240 2243 τόν
1262 2177 1354 2244 σκαί-

238 2286 324 2364 ληκα
345 2275 435 2346 οὕτω
455 2280 613 2362 λέγεσθαι
634 2281 681 2366 τῷ
704 2282 878 2361 Σοφοκλεῖ
901 2278 938 2343 ἐν
960 2277 1073 2364 Νιόβη
1090 2278 1128 2344 ἐν
1155 2282 1248 2364 ζτης
1265 2274 1354 2346 ἀπο-

239 2384 407 2467 ρουμένης
418 2383 545 2460 λέξεως.
560 2376 771 2468 Ἀρίσταρχος
788 2379 825 2446 δὲ
843 2375 881 2445 τὸ
901 2378 1115 2464 Σοφόκλειον
1130 2379 1353 2465 ἐξηγούμενος

238 2482 298 2552 τὸν
318 2483 402 2571 ὅφιν
424 2479 586 2550 ἀπέδωκε.
617 2481 745 2569 μήποτε
768 2482 804 2546 δὲ
826 2486 956 2567 μᾶλλον
978 2475 1021 2547 ἂν
1040 2488 1091 2567 ελη
1108 2477 1199 2562 ὅστις
1217 2479 1257 2550 τὰ
1273 2486 1375 2567 δίρ-’

237 2613 323 2674 ματα
344 2588 451 2656 ἐσθίει
474 2585 676 2672 δερμηστής,
708 2580 754 2664 ὡς
775 2576 1038 2669 ὑποσημαίνεται
1059 2583 1114 2650 καὶ
1136 2585 1174 2650 ἐν
1194 2612 1215 2665 ς
1236 2592 1353 2671 Μιλη-

237 2688 595 2775 σιακῶνἈριστείδουε
607 2689 808 2776 —Hesych.
832 2687 1081 2772 deprenderis·
1107 2682 1125 2753 ὁ
1144 2685 1276 2773 σκώληξ
1293 2683 1352 2773 ἢὸ

236 2791 320 2872 σκύς
340 2794 494 2881 (Psimer.
515 2793 587 2857 ‘vel
609 2789 670 2891 σης
686 2794 749 2878 leg.
769 2792 823 2857 vel
842 2792 925 2879 κίς’)
947 2784 965 2856 ὁ
985 2787 1025 2857 τὰ
1044 2791 1191 2874 δέρματα
1208 2792 1349 2858 ἐσθίων.
1443 2880 1445 2883 v

234 2892 444 2982 Ἀρίσταρχος
466 2889 577 2971 ὄφεως
596 2889 689 2977 ὅφιν.

319 2999 363 3062 Η.
383 2996 404 3060 l.
428 2990 537 3073 ὄφεως
555 2996 729 3061 delendum
746 3005 803 3078 est,
824 3018 844 3084 e
860 2995 1070 3084 sequentibus
1083 2996 1223 3077 Δέρξιος
1240 2990 1350 3074 ὅψεως

234 3120 405 3186 perperam
426 3098 593 3178 iteratum,
616 3098 680 3161 nisi
699 3096 782 3160 duce
796 3096 861 3175 lox.
879 3096 1013 3182 Seguer.
1035 3097 1070 3160 in
1085 3096 1194 3161 Bekk.
1211 3098 1348 3163 anecdd.

235 3201 252 3263 I
273 3203 344 3283 240,
364 3204 401 3263 15
425 3198 744 3285 extremchsychii
763 3199 865 3264 verbs
886 3199 972 3264 hunc
988 3200 1021 3262 in
1037 3199 1169 3265 modum
1185 3201 1349 3284 corrigere

234 3304 339 3366 mavis
360 3296 472 3385 ὄφεως
488 3295 576 3379 εἶδος
590 3293 612 3384 ἢ
627 3295 719 3385 ὅφιν.
751 3301 1093 3389 ‘Harpocrationem’,
1113 3311 1150 3367 ut
1164 3324 1238 3367 cum
1255 3301 1293 3366 F.
1307 3302 1347 3367 V.

101 3458 106 3478 ,
234 3404 415 3469 Fritzschio
437 3406 552 3491 loquar
580 3405 628 3491 (in
652 3403 792 3490 epistula
815 3403 855 3469 de
878 3404 1050 3510 Sophoclis
1071 3404 1177 3469 Niobe
1202 3403 1244 3468 sd
1266 3403 1348 3468 Bur-

233 3507 420 3571 meisterum
436 3507 513 3571 dcta
526 3530 558 3593 p.
573 3506 627 3594 43)
652 3508 803 3572 ‘minimo
820 3518 1008 3595 perceptum
1025 3507 1242 3594 compilarunt
1255 3505 1347 3571 Suid.

234 3632 259 3673 s.
281 3632 312 3673 v.
347 3618 380 3674 et
412 3619 454 3674 et.
484 3632 526 3674 m.
556 3611 616 3673 257
645 3611 755 3693 (233),
786 3612 827 3675 36
868 3600 996 3688 Λυσίας
1022 3608 1085 3694 μὲν
1108 3603 1168 3674 τὸν
1190 3604 1349 3693 σκώληκοί

231 3730 338 3795 φησιν
356 3705 446 3776 οὕτω
470 3711 639 3796 λέγεσθαι,
657 3705 723 3794 Ἀρ.
747 3710 785 3776 δὲ
807 3707 867 3777 τὸν
889 3707 982 3795 ὅφιν.
1021 3717 1072 3796 εἴη
1094 3706 1128 3777 δ’
1153 3704 1195 3776 ἂν
1218 3714 1348 3795 μᾶλλον

231 3806 315 3879 itit
343 3814 489 3898 δέρματα
513 3813 648 3879 ἐσδίων.
690 3811 727 3877 ἐκ
748 3816 810 3878 τοῦ
832 3814 928 3878 ἔδω)
975 3814 1056 3879 Cum
1077 3813 1200 3879 Suidae
1225 3813 1347 3898 verbis,

232 3937 315 4001 quse
338 3919 372 3981 in
394 3917 460 4005 fine
481 3917 609 3996 addidit
629 3955 672 3965 —
692 3913 904 4002 ἐτυμώτερον
924 3911 1014 3982 οὕτω
1037 3913 1246 4000 καλούμενος
1268 3917 1348 3981 facit

232 4019 328 4082 etiam
354 4020 426 4085 cod.
459 4042 556 4107 psscr.
577 4020 737 4106 Harpocr.
762 4019 867 4084 Palas.
891 4018 998 4084 3751«)
1025 4018 1168 4082 omnium
1190 4020 1347 4106 antiquis-

231 4122 341 4205 simus,
361 4123 427 4185 nisi
446 4122 532 4208 quod
555 4119 776 4204 e‘tospoitspov
793 4120 931 4208 proclivi
949 4120 1074 4184 librarii
1092 4118 1186 4207 lapsu
1202 4120 1346 4185 exhibet.

230 4221 323 4286 Idem
346 4223 476 4310 scripsit
497 4219 705 4306 δερμαιστής.
729 4223 875 4288 voluitne
893 4219 1111 4306 δερματιστής
1132 4223 1202 4286 h.c.
1219 4224 1347 4305 δερμα-

230 4321 359 4408 τηστής,
380 4334 416 4389 ut
435 4333 484 4388 est
506 4326 540 4388 in
555 4325 627 4390 cod.
641 4324 786 4390 Darmst.
811 4325 897 4412 (N)‘?
918 4324 968 4389 Ac
982 4325 1215 4409 grammaticus
1231 4323 1286 4387 ille
1303 4322 1346 4388 ab
