2964 5010
226 384 268 444 70

226 548 329 613 Arist.
340 570 373 635 p.
386 546 523 611 XXVII
536 552 568 611 et
579 544 681 612 schol.
701 547 744 612 ad
754 546 813 611 Ar.
827 545 904 609 Pac.
917 546 979 608 922
995 544 1181 631 (velpotius
1193 543 1338 626 1111924),

225 651 282 716 ubi
303 657 352 713 est
382 642 472 713 οὕτω
493 642 548 712 διὰ
570 650 633 711 τοῦ
652 651 674 712 a
696 641 715 713 ὁ
737 643 800 731 τὴν
822 640 974 728 κωμικὴν
992 645 1082 722 λέξιν
1103 640 1233 727 γράψας
1254 638 1337 710 ἄνα-

226 746 424 835 γιγνώσκει,
455 758 525 815 tum
548 748 627 813 alibi
650 772 749 837 saepe
770 752 804 814 in
827 747 960 812 scholiis
982 746 1247 832 Aristophaneis,
1280 747 1338 813 ubi

226 851 281 918 vel
300 853 487 917 nominatur
507 852 672 938 Didymus
695 851 749 936 ¹uel
771 852 841 915 cius
863 849 1016 914 reticetur
1037 870 1170 931 nomen,
1199 848 1337 936 Didymi

227 953 355 1019 lexicon
377 955 536 1019 comicum
562 952 712 1038 intellegi
731 958 910 1040 oportere'
956 950 1054 1016 Certo
1074 949 1163 1028 λέξιν
1185 948 1339 1033 κωμικὴν

227 1056 413 1141 interpretis
441 1053 674 1141 Aristophanei
700 1053 853 1118 manibus
876 1053 986 1117 tritam
1008 1052 1047 1117 Τ.
1071 1049 1339 1116 Hemsterhusius

227 1157 270 1222 ad
301 1156 388 1220 Plut.
421 1177 454 1241 p.
474 1157 514 1218 98
548 1155 591 1219 ad
620 1154 830 1219 Palamedem
863 1153 1125 1239 onomatologum
1156 1152 1340 1217 Alexandri

228 1257 340 1322 Severi
363 1255 533 1344 aequalem
552 1255 676 1319 referre
698 1255 822 1338 maluit,
842 1275 906 1342 quo
927 1254 968 1319 de
990 1256 1176 1341 nuperrime
1195 1254 1338 1341 disputa-

227 1366 346 1423 verunt
367 1357 408 1423 Ο.
432 1356 621 1422 Schneider.
641 1355 662 1420 l.
675 1379 704 1421 c.
727 1379 759 1443 p.
773 1360 813 1420 95
837 1358 907 1444 (qui
927 1357 969 1422 de
981 1356 1081 1421 schol.
1097 1357 1140 1421 ad
1150 1355 1271 1443 Vespp.
1291 1355 1340 1421 uti

227 1467 355 1545 poterat
379 1458 494 1523 Reisk.
518 1457 561 1521 ad
584 1458 754 1523 Constant.
773 1457 934 1546 Porphyr.
958 1458 999 1523 de
1018 1479 1178 1523 ceremon.
1198 1466 1222 1522 t.
1244 1457 1280 1521 II
1306 1479 1338 1543 p·

227 1564 288 1624 504
310 1560 361 1625 ed.
379 1559 501 1645 Bonn.)
523 1558 667 1624 Meinek.
683 1553 816 1647 quaest.
829 1582 917 1625 scen.
930 1559 985 1623 III
1001 1584 1033 1648 p.
1047 1563 1066 1624 6
1082 1558 1227 1624 Boeclrh.
1241 1559 1337 1623 Pind.

227 1670 304 1727 tom.
318 1661 352 1725 Π
363 1683 395 1748 p.
404 1661 492 1726 XIX
504 1660 544 1725 Ο.
558 1660 651 1725 Iahn.
665 1660 743 1725 diss.
757 1661 798 1726 de
810 1660 986 1727 Palamede
997 1685 1029 1749 p.
1044 1664 1084 1726 58
1097 1685 1186 1749 seqq.
1202 1661 1337 1747 (Hamb.

232 1765 321 1828 1836.
351 1764 397 1848 8.)
433 1769 465 1825 et
494 1764 588 1848 epist.
616 1762 659 1826 ad
684 1761 831 1826 Nitzsch.
860 1763 895 1826 in
926 1764 1055 1828 Ztschr.
1087 1764 1111 1829 f.
1140 1764 1209 1829 Alt.
1235 1764 1338 1828 Wiss.

231 1866 304 1926 1841
333 1887 365 1927 n.
388 1866 427 1926 20
446 1888 477 1950 p.
503 1865 571 1927 168.
618 1864 700 1928 Rem
721 1873 846 1948 tamen,
864 1865 905 1930 de
926 1889 992 1953 qua
1013 1868 1152 1951 agimus,
1174 1868 1208 1930 in
1230 1866 1339 1930 medio

226 1963 438 2050 reliquerunt.
482 1962 537 2028 Ab
561 1963 811 2029 Hemsterhusio
831 1965 1020 2032 Meinekius
1046 1966 1068 2031 l.
1091 1991 1119 2032 c.
1146 1991 1179 2055 p.
1198 1973 1217 2032 7
1246 1969 1280 2033 in
1300 1989 1339 2031 eo

228 2065 383 2147 discedit,
412 2066 500 2151 quod
522 2066 556 2129 in
578 2064 679 2130 schol.
695 2066 738 2131 ad
760 2065 847 2132 Plut.
871 2070 932 2132 313
966 2069 1056 2146 λέξιν
1078 2065 1231 2153 κωμικὴν
1251 2065 1340 2151 σῦμ-

227 2188 347 2249 μικτον
369 2165 545 2251 intellegit,
578 2190 675 2255 quam
702 2167 803 2233 schol.
830 2170 873 2234 ad
895 2171 958 2258 Ap.
982 2169 1044 2234 Rh.
1068 2169 1116 2233 IV
1135 2173 1196 2235 973
1230 2192 1266 2236 se
1290 2172 1338 2235 in-

227 2268 377 2355 spexisse
398 2276 521 2333 narrat.

733 2357 774 2419 34
796 2378 827 2420 a.

313 2469 406 2551 Quae
430 2469 608 2536 scholiasta
627 2471 795 2558 Apollonii
814 2472 846 2538 h.
870 2475 892 2539 l.
914 2475 1057 2561 profert,
1083 2473 1165 2541 haee
1186 2483 1277 2539 sunt:
1301 2468 1339 2539 ‘0

227 2570 265 2640 δὲ
285 2568 479 2656 ὀρείχαλκος
504 2567 592 2649 alios
616 2574 679 2657 μέν
710 2573 778 2640 ἐστι
805 2579 942 2658 χαλκοῦ.
988 2570 1180 2660 ὠνόμασται
1207 2574 1244 2640 ot
1267 2570 1334 2640 ἀπὸ

224 2670 359 2757 Ὠρείον
381 2672 472 2753 τινὸς
500 2668 642 2759 εὑρετοῦ
667 2676 862 2760 γενομένου.
905 2672 1132 2761 Ἀριστοτέλης
1153 2673 1189 2742 δὲ
1211 2674 1249 2740 έν
1274 2679 1337 2740 Τε-

227 2776 429 2861 λεταῖςμηδὲ
452 2770 617 2860 ὑπάρχειν
637 2776 720 2860 φησὶ
740 2773 777 2844 τὸ
797 2773 915 2862 ὄνομα,
936 2779 1020 2863 μηδὲ
1042 2777 1080 2845 τὸ
1098 2775 1223 2845 τούτου
1238 2774 1336 2855 εἶδος.

227 2873 288 2943 τὸν
309 2874 373 2962 γὰρ
395 2872 604 2960 ὀρείχαλκον,
630 2882 746 2964 φησίν,
769 2880 854 2945 ἔνιοι
876 2874 1158 2966 ὑπολαμβάνωσι
1180 2880 1338 2963 λέγεσθαι

226 2979 305 3063 μίν,
337 2973 382 3061 μὴ
415 2974 502 3052 εἶναι
533 2977 581 3045 δέ.
636 2982 713 3044 Τοίν
751 2982 824 3063 είκὴ
855 2982 1106 3066 διαδεδομένων
1139 2981 1195 3047 καί
1225 2985 1337 3047 τοῦτο.

227 3078 448 3163 Μνημονεύει
470 3079 508 3145 dl
536 3075 643 3145 cultori
665 3080 721 3146 καί
743 3085 949 3165 Στησίχορος
975 3087 1031 3150 καί
1050 3087 1260 3168 Βακχυλίδης
1282 3081 1337 3149 καί

224 3175 469 3265 Ἀριστοφάνης
490 3175 510 3248 ὁ
536 3177 765 3267 γραμματικὸς
786 3182 1047 3268 ἐπισημαίνεται.
1094 3187 1139 3253 Οί
1159 3185 1196 3252 δὲ
1218 3180 1338 3269 ἀνδρι-

226 3285 411 3348 αντοποιοῦ
441 3283 601 3367 λέγουσιν
628 3280 755 3369 ὄνομα,
792 3279 838 3363 ὥς
862 3287 1045 3372 Σωκράτης
1078 3289 1114 3372 (λ
1142 3282 1161 3354 ὁ
1191 3285 1337 3372 Κράτης)

227 3384 282 3450 καί
293 3379 493 3469 Θεόπομπος
515 3384 552 3450 έν
573 3391 621 3452 λε.
667 3379 786 3464 Οὕτως
807 3375 873 3451 οὑν
891 3393 1020 3474 κωμικῇ
1043 3388 1127 3468 λέξει
1150 3394 1191 3476 τὴ
1212 3393 1338 3474 σομμί-
1386 3395 1388 3400 ’

89 3576 90 3580 ¹
226 3510 304 3575 κτφ.
325 3487 365 3551 In
376 3486 491 3553 scholl.
506 3488 581 3553 edd.
593 3481 738 3572 'Opas'ov3
761 3498 835 3577 post
845 3493 946 3556 τοῦτο
956 3499 1099 3577 pergunt
1111 3492 1146 3556 οί
1153 3485 1219 3574 γὰρ
1230 3496 1338 3556 πολυ-

226 3587 514 3672 πραχμονέστεροί
530 3606 636 3673 φασιν
654 3583 828 3673 ὑπάρχειν.
873 3594 1092 3675 σεσημείωται
1112 3595 1223 3657 τοῦτο.
1271 3587 1338 3659 Οὔ·

226 3714 290 3767 τως
308 3679 351 3772 ὴν
377 3688 415 3756 ἐν
435 3693 476 3776 τῇ
504 3695 633 3778 κωμικὴ
653 3690 737 3769 λέξει
759 3694 799 3777 τῇ
825 3695 1007 3780 σνμμίκτςο.
1053 3693 1119 3759 Pro
1148 3682 1214 3759 οὑν
1234 3702 1273 3758 'et
1295 3683 1339 3776 ὴν

224 3792 363 3858 fortasse
382 3780 486 3876 εὑρον
506 3793 714 3859 scribendum
737 3792 794 3876 (cf.
812 3802 854 3858 et.
876 3816 919 3859 m.
944 3798 1005 3858 572
1026 3824 1071 3852 =
1092 3799 1172 3878 630,
1192 3797 1233 3858 52
1259 3794 1335 3859 Ρ111-

225 3892 332 3980 lopon.
363 3894 501 3961 Hesiod.
529 3905 611 3961 scut.
643 3899 702 3958 115
732 3894 844 3960 Tasta.
874 3896 1011 3961 Hesiod.
1048 3899 1107 3961 199
1133 3896 1155 3961 b
1183 3895 1335 3961 Bochart.

223 3993 345 4060 hieron.
374 3995 426 4077 II,
455 4011 492 4058 VI
518 4018 546 4060 ο.
580 3998 617 4060 16
641 4018 674 4082 p.
698 3998 776 4078 883,
806 3998 847 4059 32
871 3996 938 4061 Vit.
968 3996 1156 4064 Panciroll.
1189 4019 1252 4062 rer.
1274 4019 1339 4062 me·
1417 4045 1430 4058 ,

223 4096 347 4162 morab.
365 4097 381 4161 I
398 4119 431 4183 p.
452 4098 504 4161 26.
529 4096 614 4160 7ed.
633 4095 676 4162 H.
701 4097 860 4163 Salmuth.
884 4100 1023 4186 interpp.
1047 4098 1089 4161 ad
1114 4099 1242 4165 Callim.
1266 4097 1332 4162 lav.

224 4195 307 4260 Pall.
339 4199 376 4260 19
404 4196 533 4262 Nauck.
561 4197 663 4263 Arist.
685 4198 768 4285 Byz.
799 4222 830 4286 p.
856 4202 942 4282 222).
998 4200 1068 4264 lam
1096 4200 1176 4264 mihi
1198 4198 1334 4265 evolvas

224 4296 426 4383 Hesychium
447 4298 483 4362 ΙΙ
505 4303 565 4362 777
595 4308 693 4387 atque
719 4301 867 4367 invenies
889 4300 987 4388 plane
1008 4303 1157 4387 gemina,
1186 4302 1336 4388 quamvis
