2932 5002
1163 407 1223 471 381

110 582 259 670 (Heins.)
291 579 367 662 περὶ
396 581 640 662 Πυθαγορικῆς
668 577 918 662 φιλοσοφίαςῑ),
951 575 994 640 cf.
1026 575 1157 638 Fabric.
1186 575 1226 639 B.

113 685 155 749 G.
178 684 195 748 I
215 707 247 771 p.
265 686 338 747 488.
362 681 453 747 Stob.
477 680 537 745 ecl.
565 680 629 744 eth.
656 701 688 766 p.
715 683 770 742 151
808 677 899 764 (περὶ
925 677 1148 764 αἱρε’σεως)’),
1182 677 1225 740 cl.

111 787 253 851 Heercn.
276 786 317 850 de
339 784 485 849 fontibus
508 781 640 847 Stohaei
673 781 740 845 vol.
760 781 794 845 Il
824 785 843 844 2
868 802 900 867 p.
927 783 1129 862 189-192,
1162 781 1227 866 qui,

111 912 184 954 cum
206 888 346 975 plurima
366 887 426 950 ecl.
450 884 515 950 eth.
542 884 576 948 ΙΙ
598 906 625 948 c.
652 882 718 947 Vll
741 905 784 947 ex
809 881 871 947 hoc
901 881 986 948 libro
1013 885 1229 970 transscripta
1278 912 1280 916 ’

112 1011 184 1054 esse
203 992 395 1075 suspicatur,
414 986 550 1051 fallitur.
581 985 665 1048 Nam
680 993 765 1048 teste
784 984 933 1049 Eudocia
953 1008 985 1071 p.
1003 986 1065 1048 272
1097 983 1229 1049 Celsi·

111 1115 183 1157 nus
217 1093 315 1156 etiam
350 1090 474 1155 Eudori
507 1089 594 1153 filius
636 1089 766 1175 scripsit
809 1107 1013 1170 συναγωγιγν
1051 1085 1229 1171 δογμάτων

116 1190 222 1275 κοὶσης
258 1193 415 1275 αἱρέσεως
448 1187 671 1274 φιλοσόφων,
705 1200 802 1278 atque
835 1189 933 1276 alios,
973 1192 1029 1277 qui
1058 1190 1146 1254 idem
1179 1212 1229 1254 ar·

111 1307 302 1381 gumeutum
348 1296 513 1381 persecuti
553 1302 644 1377 sunt,
692 1300 859 1356 enumerat
897 1292 953 1355 Fr.
989 1292 1147 1356 Bitschel.
1188 1293 1230 1358 de

113 1397 226 1462 Orion.
270 1419 380 1482 gnom.
426 1405 510 1483 part.
547 1395 682 1482 deperd.
719 1394 826 1458 Bonn.
862 1397 996 1479 1839740
1030 1417 1061 1481 p.
1096 1394 1158 1458 XI.
1189 1434 1230 1442 —

119 1499 213 1562 Hanc
235 1500 455 1562 coniecturam
478 1499 506 1562 si
528 1496 731 1585 probaveris,
754 1495 852 1559 facile
874 1494 1061 1580 intelleges,
1081 1496 1160 1582 quid
1179 1498 1231 1576 sit,

117 1600 204 1686 quod
244 1601 502 1684 fragmentorum
537 1621 613 1686 pars
646 1598 751 1663 altera
778 1619 881 1684 eaque
909 1599 1013 1661 maior
1044 1599 1230 1683 grammati·

117 1724 207 1783 cum,
231 1701 335 1765 altera
353 1724 460 1789 neque
482 1703 555 1788 ipsa
589 1703 775 1787 spernenda
798 1697 1026 1785 philosophum
1047 1698 1135 1763 haud
1157 1722 1232 1763 con·

116 1802 328 1867 temnendum
349 1803 467 1889 prodat
498 1803 540 1866 ad
562 1802 750 1874 Heraclidis
773 1811 806 1866 et
819 1802 1015 1866 Aristoxeni
1032 1803 1149 1866 musici
1175 1824 1231 1866 ex·

87 1902 224 1990 ‘empla
253 1924 289 1966 sc
317 1913 577 1990 componentem.
623 1902 762 1989 Scripsit
790 1902 987 1966 Tarentinus
1014 1901 1070 1966 ille
1088 1905 1233 1967 musicus

116 2026 154 2067 ac
175 2003 390 2091 philosophus
411 2007 587 2090 omnigena
608 2003 791 2068 eruditione
803 2003 947 2068 imbutus
962 2001 1132 2088 σύμμικτοι
1144 2022 1233 2089 συμ-

117 2100 238 2170 ποτικοί
268 2115 300 2170 et
330 2104 500 2191 σύμμικτοι
527 2100 752 2191 ὑπομνήματα
788 2128 809 2170 a
837 2103 975 2192 Sopatro
1014 2105 1159 2193 sophista
1196 2109 1231 2170 in

117 2205 251 2271 brevius
277 2208 412 2275 redacta
434 2209 544 2294 (Phot.
565 2210 637 2274 cod.
653 2208 765 2274 CLXI
785 2232 818 2298 p.
838 2211 896 2272 103
908 2208 1017 2273 Bekk.
1033 2209 1073 2272 Ε.
1099 2208 1230 2294 Koepk.

118 2307 272 2392 hypomn.
297 2332 360 2373 scr.
385 2310 444 2375 Gr.
465 2311 574 2376 Berol.
596 2314 686 2394 1842,
709 2316 740 2375 4.
763 2334 796 2397 p.
822 2310 886 2395 11),
910 2310 1075 2397 Didymus
1098 2327 1231 2394 συμπο-

119 2405 218 2473 σιακά
250 2410 311 2497 (et)
341 2407 510 2494 συμμικτα
537 2412 579 2475 ab
600 2412 762 2477 Alexione
782 2411 949 2493 breviata,
977 2411 1066 2476 unde
1087 2433 1167 2475 cave
1189 2435 1231 2475 ne

65 2520 66 2523 ’
114 2508 299 2628 profecisse
330 2515 501 2597 augureris
530 2513 620 2577 Stob.
647 2512 736 2577 Flor.
767 2513 895 2577 01128
925 2510 962 2576 ἐκ
988 2516 1047 2597 τῆς
1073 2510 1232 2596 Διδυμου

114 2603 291 2695 'satrapas
316 2613 464 2699 (Trina,
484 2615 577 2679 deest
599 2614 689 2679 locus
710 2615 769 2701 A).
813 2614 988 2678 Librorum
1013 2620 1051 2678 de
1069 2635 1234 2711 compara-

119 2719 246 2778 tionibus
268 2725 380 2779 auctor
403 2715 467 2780 fuit
487 2717 705 2781 Aristoxenus
727 2727 811 2795 teste
831 2718 952 2781 Athen
974 2717 1106 2804 Xle.
1126 2720 1183 2782 631
1204 2717 1233 2780 E

121 2815 173 2902 (ἐν
188 2811 310 2904 apcius
325 2819 569 2905 συγκρίσεων);
588 2813 753 2905 scriptor
739 2815 948 2902 ομοιοτήτοιν
965 2818 1141 2906 Didymus,
1161 2821 1232 2884 imi·
1258 2823 1263 2833 “
1432 2888 1437 2895 ,

119 2925 207 2980 tatus
231 2917 370 2983 fortasse
392 2908 600 2985 Sosibiurn
621 2921 786 2986 Laconem
811 2921 946 3009 (Athen.
970 2922 1035 2986 XV
1057 2916 1178 3008 poso)
1202 2932 1234 2986 et
1335 2925 1337 2930 ’
1411 2998 1416 3009 .

120 3040 230 3102 regem
252 3018 390 3085 Iubam
415 3022 550 3109 (Athen.
573 3023 622 3087 IV
640 3047 672 3110 p.
699 3029 758 3088 170
781 3024 837 3110 E).
893 3025 1003 3088 Vitam
1024 3023 1233 3112 Pythagorae

120 3118 322 3207 aliorumque
352 3127 447 3208 βίους
469 3125 644 3212 descripsit
674 3135 705 3190 et
726 3125 802 3209 περὶ
819 3130 1074 3212 Πυθαγορικῶν
1100 3120 1236 3208 dacoal-

194 3346 221 3410 1)
240 3345 401 3414 Δίδυμος
419 3343 456 3400 dl
475 3342 510 3400 lv
529 3350 574 3421 τῷ
591 3369 620 3408 κ,
635 3352 671 3404 ll.
691 3369 723 3418 φ.
761 3347 860 3405 Θεανώ
881 3345 934 3419 τήν
952 3350 1147 3418 Κροτωνιᾶτιν
1161 3346 1237 3417 προί-

121 3447 174 3496 την
192 3432 337 3498 γυναικοῖν
352 3435 548 3503 φιλοσοφῆσαι
564 3435 612 3488 καὶ
631 3432 777 3505 ποιήματα
798 3432 908 3506 γράψαι
926 3433 1043 3503 luteast.

190 3522 218 3587 2)
247 3524 313 3572 Fuit
343 3524 425 3573 stiam
453 3525 522 3576 alins
552 3526 716 3592 Didymus
743 3527 998 3578 Alexandriana
1027 3527 1179 3577 musicus
1207 3529 1236 3576 et

122 3614 261 3669 geometra
287 3623 399 3672 coecus,
423 3611 470 3674 qui
488 3617 565 3661 sexto
594 3611 767 3676 imperatoris
795 3613 950 3663 Constantii
975 3627 1045 3662 anno
1069 3613 1152 3674 vixit,
1183 3627 1236 3676 quo

123 3697 245 3756 tempore
261 3693 406 3743 Antiochia
433 3700 523 3746 terrae
541 3702 616 3746 motu
637 3703 776 3762 prostrata
794 3703 845 3748 cst.
882 3698 971 3748 Huius
991 3700 1113 3750 meminit
1136 3699 1234 3763 Georg.

128 3776 242 3827 Cedrcn.
268 3777 334 3828 hist.
359 3781 499 3845 compend.
524 3782 538 3832 I
561 3799 588 3848 p.
613 3783 677 3845 522,
698 3784 727 3834 ll
753 3784 839 3834 lerk.
863 3789 890 3834 et
914 3786 993 3835 Anna
1010 3785 1158 3834 Commena
1174 3783 1236 3833 Ale-

128 3862 201 3913 xiad.
219 3863 259 3912 1x
280 3863 312 3913 10
330 3863 386 3916 rol.
401 3866 416 3916 I
431 3883 458 3932 p.
470 3867 522 3918 460
541 3869 584 3919 ed.
603 3868 847 3934 Schopsn.=Par.
868 3887 896 3936 p.
913 3870 997 3922 266ss
1016 3866 1149 3933 καθάπερ
1168 3859 1236 3918 ἐκεῖ·

122 3962 173 4005 νος
202 3939 218 3997 ὁ
243 3946 535 4020 Δίδυμος-μουσικῆς
564 3949 617 4016 καὶ,
641 3952 811 4019 γεωμετρίας
834 3951 875 4016 εἰς
897 3947 988 4021 ἄκρον
1006 3947 1155 4022 ἐλήλυθεν.
1193 3956 1235 4005 Ol.

123 4036 206 4086 stiam
232 4037 260 4088 S.
285 4038 396 4090 Maxim.
423 4041 451 4090 in
472 4041 588 4106 Dionys.
609 4042 744 4107 Areopsg.
769 4044 802 4094 T.
822 4044 836 4094 Ι
858 4060 886 4110 p.
907 4044 957 4095 188
979 4044 1022 4095 ed.
1043 4043 1154 4095 Corder.
1172 4045 1235 4095 Par.

125 4121 192 4172 1633
219 4122 266 4172 sol.
298 4130 381 4190 atque
406 4127 515 4176 omniuo
532 4128 641 4177 Fabric.
660 4128 717 4180 BG.
736 4130 805 4180 VIII
826 4146 854 4195 p.
878 4130 938 4182 351.
975 4131 1101 4181 Ceterum
1131 4132 1236 4193 mirum,

124 4209 196 4272 quod
214 4211 296 4260 stiam
309 4210 443 4276 Didymus
459 4213 564 4264 Coccus
579 4214 690 4280 scripsit
703 4214 737 4265 ds
755 4216 852 4282 impari
870 4232 980 4267 numero
1000 4219 1058 4267 sive
1070 4220 1236 4282 septenario.

125 4294 186 4345 coll.
206 4297 364 4363 Hieronym.
390 4301 497 4367 apolog.
522 4317 570 4366 pro
594 4301 643 4352 lih.
663 4301 725 4352 adr.
745 4302 852 4354 Ioviau.
890 4304 957 4353 Cum
973 4304 1024 4354 hoc
1042 4304 1155 4356 Suidam
1173 4321 1237 4355 con>

125 4381 229 4432 fudisse
247 4384 394 4450 Didymum
412 4388 566 4438 Heraclidis
588 4388 712 4454 equidem
736 4406 790 4441 non
810 4392 898 4441 ausim
920 4390 1091 4443 contendere.
