2964 5010
203 1332 272 1426 M.
299 1360 453 1425 Terentio
473 1360 623 1441 Varroni,
647 1381 741 1444 quem
764 1379 952 1444 nuncupare
972 1359 1155 1426 Romanum
1167 1382 1222 1449 po-

113 1459 304 1548 lyhistorem
327 1483 515 1547 possumus,
537 1468 693 1548 quantum
713 1460 839 1523 litterae
858 1460 1014 1543 debeant,
1035 1471 1071 1526 ut
1093 1485 1223 1529 accura-
1296 1496 1299 1499 ·

113 1564 178 1627 tius
199 1564 341 1650 perspici
364 1564 567 1650 iudicarique
584 1562 697 1648 possit,
719 1560 807 1624 haud
828 1561 863 1624 in
883 1562 1007 1627 ultimis
1029 1563 1162 1629 laudum
1175 1575 1224 1629 est

114 1665 283 1730 Frederici
303 1666 490 1748 Ritsohelii,
513 1666 584 1751 qui,
607 1684 680 1727 oum
701 1662 885 1727 rarissimas
899 1664 1022 1750 pariter
1039 1676 1135 1754 atque
1153 1689 1224 1754 pre·
1332 1728 1339 1740 .

113 1767 307 1830 tiosissimas
331 1765 469 1831 schedas
492 1755 784 1832 ‘Collec'tanea
801 1765 959 1831 inedita
978 1787 1048 1854 per
1070 1770 1109 1834 Τ.
1131 1766 1224 1833 Phi-

114 1868 221 1955 lipps
243 1869 358 1943 Barf’
386 1870 559 1956 inscriptas
586 1867 728 1941 feliciter
747 1874 860 1931 nactus
884 1877 985 1952 esset,
1016 1874 1140 1959 primus
1161 1873 1224 1938 hoc

112 1979 240 2057 reperto
258 1971 418 2036 litterario
440 1973 473 2036 in
491 1971 606 2035 Museo
621 1970 778 2035 Rhenano
797 1968 846 2034 VI
864 1991 896 2056 p.
908 1971 967 2038 481
986 1994 1058 2062 sqq.
1081 1973 1127 2040 ita
1144 1997 1222 2041 usus

112 2081 177 2155 est,
199 2080 236 2137 ut
256 2074 406 2161 plurimis
433 2075 590 2139 librorum
612 2073 892 2137 Varronianorum
916 2075 1182 2162 inscriptionibus
1206 2099 1224 2142 e

113 2175 256 2266 tenebris
282 2178 317 2240 in
351 2176 457 2241 lucem
485 2178 610 2241 vocatis
638 2177 824 2262 fragmenta
850 2175 939 2242 haud
966 2197 1071 2265 pauca
1100 2177 1222 2242 diutius

115 2275 210 2341 domo
232 2277 400 2341 exulantis
420 2278 454 2340 in
475 2287 619 2343 veterem
642 2279 734 2366 qnasi
755 2278 866 2343 sedem
885 2280 1064 2365 remigrare
1086 2276 1245 2344 iuberet*

114 2376 180 2442 Sed
198 2379 234 2442 in
254 2370 478 2443 adumbranda
496 2380 640 2467 imagine
656 2379 885 2463 Alexandrini,
906 2381 1064 2446 Varronis
1081 2380 1151 2446 fere
1172 2402 1223 2446 ae-

114 2482 235 2568 qualis,
259 2503 323 2570 quo
344 2502 439 2545 nemo
461 2481 555 2568 plura
573 2484 718 2570 scripsit,
739 2484 958 2568 grammatici,
987 2503 1006 2546 a
1027 2483 1147 2548 Rufino
1172 2485 1223 2548 his

112 2584 223 2648 verbis
249 2584 366 2648 merita
392 2581 488 2648 laude
521 2585 728 2670 exaggerati:
764 2587 895 2649 ‘Graeci
920 2589 1094 2650 Ebalterum
1121 2585 1166 2671 (h.
1194 2608 1223 2650 e.

114 2685 378 2770 chalcenterum)
399 2690 485 2750 mirb
501 2689 633 2763 efferant
645 2688 801 2761 laudibus,
825 2689 907 2764 qaod
923 2694 1019 2751 tantos
1038 2691 1129 2751 libros
1141 2707 1224 2777 com-

110 2797 256 2870 poscent,
285 2797 411 2870 quantu
434 2793 530 2866 quiea
556 2798 688 2852 nostmm
718 2793 829 2852 alienos
856 2809 912 2852 saa
939 2809 1031 2854 manu
1057 2793 1225 2856 resorbere

113 2911 171 2956 aon
187 2900 306 2972 potest'
326 2886 473 2975 Didymi,
496 2889 638 2975 inquam,
662 2887 870 2955 chalcenteri
887 2891 1113 2979 Alexandrini,
1128 2912 1224 2958 nemo

114 2993 191 3057 dum
213 2993 300 3080 quod
320 2994 419 3055 sciam
446 2993 599 3055 inventus
629 3000 679 3056 est
707 2992 762 3078 qui
784 2992 965 3078 periculum
986 2994 1223 3080 ingrederetur.

114 3094 149 3159 Si
161 3097 217 3182 qui
227 3094 350 3158 veroin
360 3102 552 3157 transcursu
564 3094 768 3179 grammatici
781 3094 1032 3162 laboriosissimi
1046 3096 1223 3183 imaginem

113 3194 332 3275 delinearent,
361 3194 448 3279 quod
472 3203 545 3280 post
567 3195 685 3261 Ritteri
708 3194 837 3261 Wolffii
864 3195 1066 3286 aliorumque
1088 3208 1222 3264 conatus

112 3296 299 3383 nuperrime
313 3293 503 3360 Theodorus
517 3296 704 3363 Beccardus
725 3299 761 3362 in
784 3299 862 3365 diss.
882 3299 923 3363 de
947 3298 1061 3364 scholi.
1074 3300 1108 3363 in
1123 3299 1220 3364 Hom.

113 3398 152 3462 Il.
177 3398 294 3462 Venet.
324 3396 382 3483 (A)
405 3418 437 3483 p.
462 3399 600 3463 26-35
627 3421 804 3486 aggressus
835 3410 899 3483 est,
928 3402 952 3464 ii
980 3401 1087 3465 sulcos
1114 3403 1222 3486 potius

112 3501 147 3562 in
174 3498 310 3587 pulvere
339 3501 474 3567 duxisse
500 3525 597 3592 quam
617 3504 808 3593 doctrinam
828 3501 965 3590 Didymi
993 3504 1027 3566 in
1048 3503 1150 3567 solem
1176 3512 1222 3566 at·

115 3623 176 3685 que
198 3602 368 3688 pulverem
393 3607 594 3690 protraxisse
621 3606 759 3692 putandi
784 3613 869 3669 sunt.
919 3603 1036 3691 Itaque
1061 3625 1135 3669 oum
1161 3624 1221 3688 ego

115 3700 221 3765 nullus
243 3703 440 3789 dubitarem,
470 3708 548 3795 quin
571 3708 849 3794 operaepretium
871 3726 977 3770 essem
996 3705 1156 3787 facturus,
1183 3706 1221 3786 si,

113 3823 196 3891 quae
224 3803 385 3893 Didymus
407 3809 654 3875 Alexandrinae
681 3805 873 3870 cruditionis
902 3806 1020 3870 horrea
1045 3807 1222 3890 constituit,

112 3909 205 3993 quasi
231 3929 305 3974 cum
331 3909 514 3996 pulvisculo
544 3909 723 3990 auferrem,
764 3907 900 3993 Didymi
933 3929 1016 3992 quae
1050 3919 1224 3994 supersunt

112 4011 223 4079 omnia
244 4010 380 4094 collegi,
403 4012 614 4100 disposuique
634 4011 695 4090 ita,
726 4018 763 4075 ut
792 4009 826 4072 in
853 4009 1124 4074 commentatione
1146 4033 1223 4096 qua-

112 4112 275 4199 dripartiti
298 4114 446 4198 opusculi
466 4116 572 4202 prima
598 4111 881 4199 lexicographum,
909 4111 1053 4176 secunda
1074 4112 1223 4179 criticum

112 4220 144 4276 et
165 4214 360 4301 scriptorum
386 4217 612 4304 interpretem,
636 4217 733 4280 tertia
750 4215 1010 4301 grammaticum,
1034 4223 1149 4302 quarta
1170 4215 1223 4279 de-

112 4314 209 4400 nique
230 4313 421 4383 historicum
440 4318 679 4384 adumbrarem.

164 4438 323 4482 moruus.
997 4419 1012 4480 1
