2948 5024
582 460 625 473 —
667 428 701 487 Δ
742 458 793 482 —.
1181 428 1240 490 125

168 628 170 631 v
216 597 290 660 290.
310 586 420 670 οὕτως
442 586 497 656 διά
517 592 580 656 τοῦ
599 585 680 674 η·τδ
702 544 941 673 μαχήσομαι
960 585 1178 678 Ἀρίσταρχος.
1201 596 1243 659 A.

211 698 286 761 292.
328 688 438 771 οὕτως
459 692 496 757 αί
513 687 729 775 Ἀριστάρχου
755 685 834 755 ἀπὸ
863 690 1117 777 στομάχους.
1150 696 1187 759 αί
1206 694 1243 760 δὲ

130 799 269 875 πλείους
289 792 345 863 διὰ
369 799 432 862 τοῦ
453 818 469 860 ε
489 794 556 860 ἐπί
577 790 820 878 στομάχους.
854 796 910 859 καὶ
931 796 1025 860 ἔστιν
1046 791 1246 893 οόκῄάχαρις

130 895 298 984 momi-
329 900 370 966 A.

217 1004 292 1067 295.
331 996 542 1085 Ἀρίσταρχος
568 994 867 1084 άφυσσόμενον
894 996 951 1066 διά
971 1003 1034 1067 τοῦ
1055 1023 1073 1066 ο
1096 1022 1247 1086 παρατα-

133 1106 242 1182 τικνίς.
264 1104 320 1170 καί
339 1099 499 1187 ἀναλογεῖ
520 1099 556 1169 τό
580 1104 708 1187 ἔκχεον.
730 1096 827 1168 ἄλλοι
848 1098 886 1168 δὲ
908 1097 965 1168 διά
986 1106 1050 1169 τοῦ
1068 1127 1099 1170 α.
1122 1105 1197 1172 AV.

210 1209 283 1272 326.
302 1202 476 1295 ἑκάστῳ·
495 1200 708 1290 Ἀρίσταρχος
728 1201 812 1270 κατὰ
829 1199 970 1290 γενικὴν
988 1203 1176 1273 ἑκάστου.
1200 1210 1246 1274 A.

213 1310 287 1374 348.
307 1305 477 1391 χαλκός·
498 1302 609 1386 οὕτως
627 1302 853 1391 Ἀρίσταρχος·
872 1303 969 1375 ἄλλοι
992 1303 1030 1374 δὲ
1051 1305 1109 1375 διά
1129 1313 1193 1376 τοῦ
1213 1334 1247 1395 ν,

131 1406 300 1494 χαλκόν.
323 1402 433 1487 οὕτως
453 1403 594 1494 ἄμεινον
615 1403 672 1475 διά
692 1412 755 1474 τοῦ
776 1425 798 1474 σ
815 1408 983 1496 γράφειν·
998 1408 1053 1477 καί
1063 1407 1129 1496 γάρ
1146 1406 1249 1478 ὕστε-

131 1637 220 1699 ρατι.
241 1612 314 1679 AB.
1073 1660 1074 1663 κ

217 1716 292 1778 352.
315 1713 492 1780 Excidisse
509 1716 641 1781 videtur
664 1715 705 1780 (1ο
723 1715 862 1780 lectione
873 1715 1086 1782 Aristamhea
1103 1716 1249 1801 δαμῆναι

132 1825 166 1881 et
188 1815 329 1882 aliorum
350 1811 524 1900 δάμασσον
545 1816 744 1883 observatio.

224 1922 296 1984 362.
338 1913 443 2003 άμφί
473 1914 506 1985 δ’
527 1914 594 2003 ἄρ’
617 1914 742 2008 αὐτῳ·
772 1913 985 2006 Ἀρίσταρχος
1004 1913 1110 2004 ἀμφὶ
1131 1917 1164 1985 δ’
1185 1915 1249 2004 ἄρ’

134 2015 251 2110 αὐτῇ.
293 2023 334 2108 τῇ
357 2025 611 2108 περικεφαλαίῳ.
643 2022 685 2086 A.
729 2020 827 2086 Adde
848 2021 880 2086 V
909 2020 947 2086 αί
964 2021 1173 2105 χαριέστεροι
1194 2024 1251 2090 καί

136 2125 290 2200 πλείονες
308 2127 470 2207 θηλυκοῖς
494 2126 640 2209 ἔχουσιν.

210 2214 297 2291 373.
320 2227 392 2290 καί
408 2223 459 2291 νό
484 2249 555 2293 κεν
573 2225 774 2312 εἴρυσσέν
795 2246 855 2290 τε·
877 2224 916 2290 ἐν
937 2228 978 2313 τῇ
989 2219 1253 2310 Ἀριστοφάνους

139 2327 213 2390 καί
228 2322 280 2391 νά
294 2346 366 2391 κεν
381 2324 617 2413 ἐξείρυσευ,
637 2322 681 2393 οὐ
694 2326 808 2413 μέντοι
826 2324 865 2391 όν
878 2329 920 2413 τῇ
931 2321 1161 2412 Ἀριστάρχου.
1178 2328 1251 2393 AV.

222 2429 296 2493 402.
318 2427 388 2493 καί
409 2436 541 2495 κεῖθι·
560 2423 771 2513 Ἀρίσταρχος
790 2427 872 2512 μετὰ
892 2431 955 2493 τοῦ
973 2452 987 2492 ι
1008 2427 1064 2493 καὶ
1085 2436 1187 2494 κεῖθι.
1209 2430 1252 2494 A.

221 2532 296 2594 406.
309 2521 386 2594 άπό
396 2551 488 2594 ειπε
499 2527 702 2608 κελεύθους·
711 2525 924 2614 Ἀρίσταρχος
941 2523 1108 2594 ἀπόεικε
1122 2526 1179 2596 διά
1192 2537 1254 2596 τοῦ

137 2653 170 2713 κ,
191 2624 266 2694 ἀντὶ
287 2633 351 2696 τοῦ
373 2624 514 2696 άπόειπε
543 2630 599 2696 καὶ
617 2631 719 2716 χωρὶς
739 2633 802 2696 τοῦ
823 2647 844 2694 σ
863 2626 1085 2696 κελεύθου.
1114 2629 1253 2716 θαυμά-

139 2747 210 2796 σειε
230 2723 262 2796 δ’
285 2725 329 2797 ἄν
349 2754 410 2816 τις,
431 2725 453 2817 ἡ
476 2729 571 2815 ἑτέρα
593 2729 650 2798 διά
671 2735 734 2798 τοῦ
755 2753 781 2798 π
802 2728 913 2796 πόθεν
930 2727 1071 2813 παρέδυ.
1094 2724 1254 2816 οὔτεγὰρ

142 2832 181 2897 ἐν
199 2842 271 2912 ταῖς
288 2831 563 2919 Ἀρισταρχείοις,
596 2828 675 2899 οὔτε
701 2835 740 2898 ἐν
769 2830 871 2921 ἑτέρῳ
901 2835 971 2897 τάν
998 2836 1086 2915 γοῦν
1110 2838 1255 2918 μετρίων

130 2931 375 3026 γἐμφερόμενον
404 2936 568 3022 πέφυκεν.
609 2934 665 3000 καί
695 2929 738 3001 οά
765 2932 874 3020 μόνον
901 2933 939 3000 όν
968 2943 1040 3013 ταῖς
1067 2932 1254 3022 ίκδόσεσιυ,

144 3032 228 3104 ἄλλά
256 3038 312 3104 καί
338 3037 376 3103 ἐν
394 3049 464 3117 τοῖς
484 3036 743 3125 συγγράμμασιν
764 3031 851 3116 ἅπαξ
873 3031 1018 3116 ἅπαντες
1037 3033 1146 3115 οὕτως
1167 3037 1256 3104 ἐκτί-

144 3147 275 3205 θενται.
319 3138 531 3227 προσθήσειν
560 3144 728 3227 μοιδοκῶ
755 3141 811 3207 καί
835 3134 899 3222 τὴν
919 3133 1136 3227 Ἀριστάρχου
1166 3145 1257 3222 λέξιν

146 3236 257 3319 οὕτως
277 3242 422 3325 ἔχουσαν
444 3247 522 3329 *τῆς
542 3241 580 3310 δὲ
602 3244 650 3322 είς
666 3237 728 3322 τάς
747 3238 853 3322 θεοδς
872 3236 958 3309 ὁδοῦ
980 3238 1049 3309 είκε
1070 3242 1124 3310 καὶ
1148 3267 1257 3330 παρα-

148 3338 261 3427 χάρει,
283 3340 329 3429 μὴ
352 3346 534 3429 βαδίζουσα
556 3347 602 3425 είς
625 3339 761 3424 αὐτούς.
791 3347 833 3411 Α.

228 3449 301 3510 415.
322 3439 532 3532 Ἀρίσταρχος
546 3441 658 3526 Ἰακοῖς
679 3450 862 3531 ἔκπαγλα
884 3451 1047 3532 φίλησα.
1066 3450 1108 3513 Α.

227 3552 300 3612 416.
335 3550 478 3632 ἔχθεα·
511 3551 550 3615 ἐν
575 3553 616 3637 τῇ
642 3547 738 3638 ἑτέρῳ
761 3553 832 3616 τῶν
850 3544 1107 3632 Ἀρισταρχείων
1126 3543 1259 3631 ἄχθεα

143 3648 337 3735 ἐγέγραπτο.
360 3650 449 3728 τινες
469 3651 506 3717 δὲ
528 3644 660 3734 ἄλγεα
681 3649 886 3737 γράφουσιν.
908 3654 950 3714 A.

229 3755 303 3817 434.
338 3748 597 3818 παύσασθαι·
618 3747 829 3836 Ἀρίσταρχος
847 3746 1076 3817 παύεσθαι.
1099 3750 1141 3814 Α.

229 3856 304 3920 436.
337 3854 575 3938 δαμασθῇς·
595 3847 807 3935 Ἀρίσταρχος
828 3854 1009 3937 δαμείης.
1033 3851 1075 3915 A.

685 4033 726 4097 A.

232 4163 263 4227 3.
297 4157 516 4250 ἐῳνοχόει·
546 4152 621 4225 κατ’
646 4159 721 4224 ίνια
742 4161 811 4224 τοῖν
833 4152 1086 4244 ὑπομνημάτων
1106 4156 1261 4246 ἐνῳυο-

147 4261 239 4347 χόει
263 4264 411 4347 φέρεται.
456 4261 551 4326 οόδέ
570 4276 654 4346 φασι
675 4258 900 4345 Ζηνοδότειον
923 4255 1007 4326 εἶναι
1031 4257 1093 4344 την
1114 4259 1260 4347 γραφήν.

148 4365 186 4428 ἐν
208 4363 323 4456 μέντοι
343 4373 415 4441 ταῖς
435 4361 589 4429 ίκδόσεσι
610 4361 710 4450 χωρίς
730 4365 793 4428 τοῦ
811 4386 833 4427 ν
855 4357 1011 4449 εὕραμεν.
1032 4365 1074 4430 Α.
