2964 5010
1234 382 1255 445 δ

141 548 282 608 πλείστα
302 535 508 624 nutriorem.
526 542 715 624 Δίδυμος
736 533 844 618 δνέος
862 535 1099 627 Ἀλεξανδρεὺς
1119 546 1176 618 κδ
1187 545 1254 614 oo-

143 639 202 720 τὰς
221 639 450 726 γραμματικός
475 638 657 727 ’[γτωργικέι
682 643 720 708 έν
753 646 896 729 βιβλίοις
917 644 968 726 ιε’]
990 649 1084 711 cuius
1105 651 1253 714 mutatio-

145 745 197 807 nis
220 765 369 808 caussam
388 766 428 808 ac
447 747 608 811 rationem
620 745 750 811 reddidi
769 748 803 809 in
819 757 991 811 comment.
1010 751 1109 813 tortia
1126 773 1158 837 p.
1179 755 1208 815 1.
1223 754 1253 815 2.

144 845 292 913 Tertium
302 847 399 910 etiam
411 858 445 912 et
456 857 606 935 quartum
618 847 799 936 Didymum
813 846 932 913 Suidas
943 849 1050 914 novit:
1064 852 1255 937 Δίδυμος

142 940 161 1011 ὁ
184 944 355 1025 Κλαύδιος
376 954 579 1035 χρηματίσας
599 949 836 1036 γραμματικός.
875 947 953 1034 τιερλ
974 954 1043 1016 των
1063 944 1254 1050 impropr-

142 1074 213 1116 νων
231 1048 323 1135 ταρὰ
342 1048 406 1137 τὴν
428 1047 612 1138 ἀναλογίαν
635 1055 840 1139 Θουκυδίδῃ.
885 1053 964 1137 maol
984 1057 1043 1138 τῆς
1064 1050 1156 1138 παρὰ
1175 1050 1254 1121 Ῥω-

142 1156 253 1237 μαίοις
273 1148 464 1239 ἀναλογίας,
487 1152 649 1240 έτιτομὴν
667 1158 736 1221 τοδν
749 1150 979 1239 Ἡρακλέωνος
995 1156 1051 1222 καί
1065 1153 1158 1224 Δἄλλα
1178 1156 1255 1225 τινά

142 1254 187 1341 (b.
200 1278 233 1321 v.
252 1254 331 1323 defit
343 1255 485 1345 Eudoo.)
502 1259 698 1343 Δίδυμος
718 1251 736 1324 ὁ
752 1261 818 1321 1τοῦ
834 1252 1054 1342 Ἡρακλείδου
1064 1283 1254 1346 γραμματιυ

141 1355 212 1441 κός,
235 1349 275 1433 ὃς
296 1357 445 1442 διέτριψε
468 1357 558 1444 τιαρέι
575 1361 711 1443 Νέρωνι
730 1356 788 1423 καὶ
809 1357 1066 1444 ἐχρηματίσατο·
1092 1363 1143 1449 (i)
1166 1386 1254 1449 μου·

141 1456 236 1537 σικές
257 1454 288 1524 τ’
305 1449 356 1544 xrio
382 1464 459 1526 λίαν
483 1461 540 1527 καί
562 1457 647 1545 πρὸς
668 1461 751 1544 μέλη
771 1459 967 1544 ἐπιτήδειος.
1011 1464 1110 1529 Ηαοο
1131 1466 1253 1530 Suidae

141 1563 289 1627 ordinem
311 1562 399 1650 quod
418 1564 554 1629 invertit
564 1563 727 1629 Eudocia:
749 1555 767 1626 ὁ
791 1565 901 1646 τρίτος
921 1556 1016 1629 droti
1030 1558 1252 1649 Ἡρακλείδου

141 1664 195 1729 stri
218 1667 379 1746 Νέρωνος
398 1660 443 1730 οὐ
466 1662 575 1748 μόνον
592 1661 830 1749 γραμματικός,
852 1657 937 1729 ἀλλὰ
957 1665 1012 1729 καί
1033 1665 1067 1743 ές
1089 1663 1126 1733 τὸ
1146 1663 1253 1753 ἄκρον

142 1763 305 1849 μουσικὸς
324 1770 380 1832 καί
400 1765 486 1851 πρὸς
504 1767 587 1851 μέλη
605 1768 681 1831 λίαν
701 1762 895 1850 ἐπιτήδειος.
939 1758 957 1829 ὁ
980 1767 1136 1854 τέταρτος
1156 1765 1174 1835 ὁ
1197 1771 1254 1837 καλ

144 1866 316 1944 Κλαύδιος
342 1861 588 1952 ὀνομαζόμενος
612 1893 658 1917 --·
679 1862 908 1951 Ἡρακλέωνος
935 1869 990 1935 καὶ
1015 1865 1117 1955 ἄλλα,
1144 1871 1252 1956 habet,
1388 1882 1399 1895 ⁸

143 1992 208 2057 qno
228 1992 263 2034 se
282 1971 497 2036 commendet.
540 1970 615 2035 Non
634 1991 806 2057 possumus
828 1972 915 2035 enim
943 1972 977 2035 in
1004 1993 1043 2038 eo
1065 1995 1130 2038 non
1153 1975 1252 2039 offen·

143 2075 238 2156 dere,
261 2072 348 2159 quod
367 2071 531 2158 Didymus
548 2070 736 2137 Heraclidis
757 2073 844 2139 iilius
860 2074 932 2138 sine
954 2074 1047 2139 libris
1067 2076 1252 2159 dimittitur,

143 2197 250 2263 neque
276 2182 385 2239 tamen
409 2172 464 2238 liic
486 2182 652 2260 tamquam
673 2196 718 2239 ex
739 2175 879 2240 formula
906 2175 1040 2242 additur
1071 2180 1184 2262 βιβλία
1212 2176 1251 2242 δὲ

143 2272 207 2343 οὐκ
236 2272 310 2361 εἶχε.
357 2274 450 2358 Quae
476 2298 549 2341 curn
575 2277 622 2341 ita
643 2278 725 2361 sint,
747 2277 932 2344 verosimile
959 2288 1009 2343 ost
1028 2300 1131 2343 unum
1152 2278 1253 2343 homi·

143 2402 217 2446 nem
237 2379 349 2446 verbis
370 2372 389 2443 ὁ
410 2377 567 2463 τέταρτος
587 2380 777 2463 interiectis,
797 2379 831 2443 in
849 2380 915 2447 duo
933 2382 1028 2468 quusi
1047 2401 1185 2467 corpora
1206 2381 1253 2444 di·
1381 2436 1383 2441 ,

143 2483 286 2566 vulsum,
314 2503 421 2568 neque
449 2481 646 2569 Didymnm,
673 2483 727 2547 cui
753 2481 892 2549 Claudio
919 2483 982 2548 fuit
1010 2502 1206 2566 cognomen,
1233 2502 1255 2544 a

143 2586 276 2652 'liberio
300 2585 438 2658 Claudio
457 2584 598 2650 Caesare
618 2582 672 2647 vel
695 2581 826 2648 Nerone
846 2583 985 2649 Claudio
1007 2591 1191 2669 acceptum,
1212 2582 1253 2647 ab
1290 2606 1291 2609 ¹

143 2687 329 2753 Heraclidis
349 2688 418 2753 illio
438 2685 705 2772 distinguendum
726 2705 810 2748 esse.
855 2683 953 2764 Quod
974 2706 1013 2750 co
1033 2684 1253 2749 confirmatius

143 2793 218 2876 erit,
245 2812 308 2881 qno
334 2790 387 2854 cni
408 2785 611 2875 probabilior
632 2784 800 2850 videbitur
826 2807 899 2851 mea
919 2787 1154 2874 qualiscunque
1178 2809 1252 2857 con·

142 2894 283 2977 iectura,
315 2913 376 2980 pro
401 2884 564 2974 ἐπιτομὴν
591 2891 660 2954 των
688 2882 917 2974 Ἡρακλέωνος
943 2888 1151 2955 scribendum
1177 2913 1252 2958 esse
1360 2925 1364 2934 =

144 3025 303 3115 ἐπιτομὴν
332 3032 401 3094 τῶν
424 2993 620 3111 baffio,
648 3048 744 3114 quam
771 3027 895 3114 primus
920 3027 1075 3115 proposui
1104 3028 1138 3091 in
1166 3049 1252 3093 com-

143 3143 241 3198 ment.
269 3132 335 3217 IV,
362 3133 382 3194 2
410 3154 443 3217 p.
474 3132 522 3193 13.
566 3127 753 3203 Heraclidis
777 3132 863 3196 enim
890 3124 1018 3195 leschas
1048 3131 1076 3194 si
1101 3132 1188 3217 quis,
1216 3141 1253 3195 ut

141 3258 216 3300 mea
236 3233 301 3299 fort
322 3234 442 3321 opinio,
464 3231 628 3297 breviavit
648 3229 821 3320 Didymus,
841 3253 906 3296 non
927 3239 1054 3320 poterat
1073 3231 1157 3297 alius
1180 3254 1251 3296 esse

142 3339 206 3402 nisi
226 3334 402 3402 Heraclide
431 3343 539 3418 natus,
568 3332 775 3400 Chalcentori
802 3334 1035 3400 amantissimo.
1058 3373 1100 3385 —-
1122 3336 1252 3420 Agmen

142 3441 372 3528 cognominum
396 3436 680 3524 grammaticorum
711 3434 799 3524 apud
825 3433 959 3502 Suidam
984 3435 1122 3520 claudit,
1156 3458 1252 3523 quem

143 3543 292 3609 Eudocia
313 3542 434 3606 nescit:
456 3540 609 3624 Δίδυμος
622 3535 875 3624 Ἀλεξανδρεύς,
896 3538 1064 3623 γεωργικὰ
1084 3538 1121 3602 έν
1141 3541 1252 3624 βιβλί-

144 3669 194 3724 οις
217 3643 265 3712 ιε’.
310 3642 375 3708 Hic
403 3645 541 3709 fortasse
566 3641 775 3730 accipiendus
798 3650 848 3706 est
874 3642 930 3728 qui
952 3662 1050 3727 supra
1074 3633 1092 3704 ὁ
1115 3640 1191 3716 νέος
1217 3632 1250 3723 (ὁ

144 3749 320 3832 νεώτερος)
343 3744 434 3811 audit
453 3755 486 3811 et
507 3744 677 3832 scripsisse
699 3742 819 3806 dicitur
841 3741 917 3825 περὶ
940 3744 1168 3824 γεωγραφίας,
1191 3760 1250 3826 pro

142 3873 206 3938 quo
229 3848 337 3915 facilis
360 3849 421 3912 erit
443 3846 605 3911 restitutio
626 3845 798 3928 γεωργίας.
844 3834 876 3924 [ἢ
899 3836 1090 3924 γεωργικοί]
1135 3839 1188 3906 Do
1213 3863 1250 3906 co

142 3951 186 4016 cf.
209 3949 343 4017 Heclrer
367 3949 488 4016 Ges'ch.
510 3949 568 4013 der
589 3941 770 4010 Heilkund.
793 3940 882 4028 Hp.
903 3943 975 4007 255.
1000 3940 1037 4007 C.
1061 3940 1102 4007 G.
1120 3940 1251 4006 Kuchn.

141 4051 297 4119 additam.
320 4052 363 4119 ad
384 4050 509 4118 elench.
538 4047 623 4114 med.
653 4055 732 4112 vett.
758 4066 777 4109 a
802 4042 850 4108 Io.
874 4044 915 4110 A.
939 4041 1092 4109 Fabricio
1112 4044 1147 4108 in
1171 4042 1251 4108 bibl.

143 4154 203 4221 Gr.
235 4155 309 4220 Vol.
333 4155 420 4220 XIII
441 4178 474 4243 p.
500 4152 656 4218 17-456
683 4146 864 4213 exhibitum
891 4166 944 4210 no.
974 4142 1061 4210 XIII
1085 4144 1197 4233 (1827)
1218 4167 1250 4232 p.

141 4258 247 4321 5-6.
292 4255 511 4322 Henschelius
538 4254 754 4334 medicorum,
783 4250 839 4338 qui
866 4248 1087 4315 Vratislaviae
1110 4245 1153 4312 ad
1175 4247 1253 4319 Via-

998 4401 1046 4460 1*
