2932 5002
1169 403 1231 463 355

201 567 293 629 Haeo
322 564 490 628 hactonus.
536 565 673 649 Didymi
702 563 890 626 memoriam
924 584 976 647 ap.
1007 564 1118 651 steph.
1149 568 1230 653 Byz.

117 673 146 748 7,
169 671 187 731 3
206 663 314 750 ”Αβιοι
347 670 425 748 106,
448 668 466 728 8
488 662 694 729 Ἀπολλωνία
720 665 798 744 562,
819 664 858 724 23
882 660 1045 745 Σήσαμον
1065 667 1107 730 ad
1130 667 1230 752 hypo·

116 779 279 832 mnemata
297 769 330 831 in
343 767 459 832 Iliadis
475 766 576 831 libros
591 768 627 831 ΙΙ
643 778 675 831 ot
689 765 777 830 XIII
795 764 902 828 retuli.
923 764 1124 831 Nedontis
1138 769 1231 832 fluvii

115 893 179 956 quo
202 870 334 933 tandem
355 870 389 932 in
410 867 494 932 libro
511 867 708 931 mentionem
729 867 854 948 fecerit,
875 867 956 953 (vid.
970 868 1078 931 Bekk.
1093 869 1231 933 anecdd.

116 971 168 1035 III
191 996 222 1057 p.
242 970 336 1054 1393)
361 970 489 1052 integra
503 990 620 1032 caussa
637 976 696 1032 est.
708 1007 751 1017 —
764 968 856 1048 Quae
874 969 1009 1032 comita
1029 970 1103 1052 sint,
1123 970 1231 1034 nullus

116 1072 231 1137 dubito
264 1073 342 1160 quin
371 1069 476 1134 codex
498 1068 604 1132 Paris.
626 1091 678 1156 ap.
702 1069 881 1155 Brequing.
905 1078 961 1133 aut
983 1069 1068 1135 salsa
1089 1072 1232 1136 tradide-

116 1176 159 1240 rit
184 1176 269 1238 intor
297 1183 397 1260 opera
423 1171 589 1258 Didymen
615 1171 735 1235 librum
767 1171 842 1252 περὶ
868 1177 1080 1255 γεωγραφίας
1102 1197 1231 1238 enume-

117 1299 208 1358 rans,
232 1285 300 1358 aut,
319 1275 405 1363 quod
428 1296 505 1338 vero
526 1283 575 1338 ost
597 1273 813 1357 simillimum,
837 1274 940 1338 verba
962 1276 1025 1338 isto
1047 1297 1113 1339 non
1136 1274 1231 1339 modo

117 1387 270 1462 corrupta
292 1377 350 1442 sed
372 1398 431 1441 sno
451 1378 550 1440 etiarn
572 1374 643 1439 loco
660 1383 749 1438 mota
764 1376 829 1438 sint
847 1375 935 1438 infra
949 1385 1024 1462 apte
1040 1375 1230 1440 inserenda:

117 1480 313 1562 Δίδυμος
338 1472 590 1559 Ἀλεξανδρεύς·
622 1473 711 1562 [περὶ
740 1479 902 1558 γεωργίαις
931 1469 963 1564 ἦ]
999 1461 1166 1559 γεωργικὰ
1194 1476 1231 1539 ἐν

118 1583 259 1665 βιβλίοις
282 1602 321 1644 ιε.
366 1579 417 1644 Ao
446 1580 586 1644 fortasse
617 1579 714 1641 otiam
741 1577 878 1640 ulterius
900 1578 1055 1662 progredi
1074 1577 1166 1659 lieet,
1195 1587 1232 1641 ut

118 1681 293 1746 verborum
315 1676 333 1745 ὁ
356 1681 432 1757 νέος
446 1720 489 1731 —-
504 1682 558 1744 nai
581 1674 683 1756 αὐτὸς
705 1677 931 1761 γραμματικός
950 1679 1105 1764 (ΕιαΙοο.)
1126 1688 1232 1764 patro-

118 1785 204 1848 cinio
237 1794 366 1870 arrepto
402 1782 583 1847 scribamus
617 1784 803 1866 Δίδυμος
837 1775 855 1843 ὁ
884 1780 958 1857 οέος
984 1774 1231 1861 Ἀλεξανδρεύς,

119 1885 174 1948 καὶ
197 1878 299 1960 αὐτὸς
319 1880 546 1967 γραμματικὸς
571 1883 708 1970 [ἔγραψε
731 1883 807 1963 περὶ
830 1885 992 1964 γεωργίας
1006 1873 1038 1968 ἦ]
1063 1876 1230 1964 γεωργικὰ

120 1985 157 2050 ἐν
176 1990 319 2071 βιβλίοις
341 2009 381 2050 ιε.
426 1986 532 2049 Huius
562 1986 819 2068 fragmentorum
846 1984 986 2047 indicem
1020 1983 1153 2047 exhibet
1174 1980 1231 2043 Ni·

120 2089 186 2152 olas
210 2090 358 2175 Geopon.
380 2087 447 2152 vol.
470 2086 517 2150 IV
539 2109 572 2172 p.
599 2089 690 2151 1276.
