2964 5010
1212 384 1252 442 55

141 548 366 636 quaestionem
385 546 527 631 pertinet
546 538 714 627 ἀνρηνόν,
738 567 820 631 quae
837 546 968 631 quidem
987 545 1113 629 glossa,
1137 550 1167 611 si
1190 549 1250 614 Th.

142 648 290 732 Bergkio
320 646 418 711 fidem
447 644 564 727 habes,
590 645 685 709 fluxit
717 669 760 710 ex
789 647 881 710 libris
911 647 952 709 de
975 648 1144 712 comoedia
1167 652 1249 732 (vid.

142 749 266 832 Bergk.
289 746 388 812 enall.
411 745 509 812 Alex.
537 769 624 834 spec.
645 747 680 811 Π
701 754 769 834 p.6
791 746 865 811 coll.
891 747 1089 812 Winckelm.
1109 770 1250 816 monum.

142 849 229 915 ined.
253 874 284 936 p.
304 852 365 913 212
396 849 534 913 Schoen.
555 849 597 913 de
619 871 704 934 pers.
730 851 763 913 in
785 848 865 912 Eur.
888 847 1008 913 Bacch.
1031 847 1143 914 habitu
1165 875 1196 937 p.
1212 856 1250 917 54

142 949 307 1014 Wieseler.
316 952 350 1013 in
367 949 449 1014 diar.
466 951 567 1036 antiq.
586 953 677 1014 1845.
700 973 732 1036 p.
751 952 812 1035 14),
836 950 864 1012 si
876 949 962 1014 God.
975 949 1192 1037 Bernhardyo
1210 955 1251 1020 dc

142 1050 307 1116 Eratosth.
332 1076 363 1138 p.
392 1056 460 1132 155,
482 1075 500 1115 ο
523 1051 608 1115 libro
630 1051 817 1134 histrionio,
843 1053 872 1116 si
893 1051 1035 1137 denique
1058 1052 1097 1116 E.
1119 1052 1252 1120 Osanuo

140 1151 162 1214 1.
174 1174 203 1215 ο.
221 1176 252 1238 p.
267 1156 308 1217 32
331 1154 372 1218 fr.
389 1154 469 1237 XII,
492 1177 536 1219 ex
551 1155 696 1238 Erigone
718 1154 866 1241 profecta
885 1164 936 1218 est
956 1152 1011 1236 [ef.
1030 1154 1110 1218 Hes.
1127 1148 1250 1236 ἄνανα·

140 1250 310 1338 σαγήνην·
341 1253 508 1338 Κύπριον.
539 1257 656 1342 Engel.
687 1257 729 1321 de
758 1257 868 1343 Cypro
894 1256 970 1320 Vol.
998 1257 1014 1319 Ι
1044 1280 1076 1343 p.
1102 1261 1252 1339 5581--

138 1354 262 1440 Aperte
298 1379 316 1420 e
349 1356 592 1422 comodumenis
628 1357 794 1423 fluxerunt
824 1357 905 1421 haec
936 1351 1095 1423 ἆλκεόν
1136 1359 1250 1444 (recor.

139 1451 293 1543 ἆλκαϊον)
327 1458 449 1523 Bernh.
472 1483 503 1545 p.
528 1461 589 1524 233
618 1458 659 1523 fr.
684 1459 817 1540 XLIII,
854 1456 1041 1542 ἐφόδιον
1073 1462 1194 1527 Bernh.
1218 1487 1249 1550 p.

140 1558 201 1620 220
222 1555 263 1621 fr.
286 1557 384 1622 XXI.
408 1558 504 1645 (Pap.
527 1560 593 1624 lex.
617 1560 676 1624 Gr.
700 1559 754 1623 III
775 1584 808 1645 p.
835 1563 892 1621 152
909 1554 1128 1645 Ἐφουδίων),
1151 1556 1248 1641 παρ’

139 1659 338 1740 αίγείρον
368 1659 444 1724 θέα
477 1684 509 1746 p.
532 1664 604 1724 229.
638 1660 680 1725 fr.
709 1660 893 1725 XXXVII.
929 1660 1024 1744 (Hes.
1053 1666 1158 1743 tapso.
1186 1663 1251 1727 θέα

138 1754 221 1842 παρ’
244 1761 405 1841 αίγείρου.
427 1762 578 1844 αίγείρου
599 1762 674 1826 θέα.
697 1761 791 1826 Phot
812 1765 863 1844 81,
889 1767 926 1826 16
948 1762 1057 1826 Bekk.
1076 1763 1250 1829 anecdd.I

139 1864 211 1943 354,
230 1864 270 1923 25
284 1861 418 1925 Bachm.
441 1863 578 1928 anecdd.
594 1864 673 1945 142,
687 1866 736 1943 25,
759 1863 846 1927 undo
867 1862 1011 1947 glossam
1025 1863 1069 1927 ad
1081 1865 1249 1930 Cratinum

138 1971 288 2047 spectare
320 1964 521 2049 rescimus),
549 1959 679 2030 Ῥοίκου
712 1968 944 2048 κριθοπομπία
977 1966 1113 2051 (Bernh.
1132 1991 1164 2053 p.
1188 1971 1243 2032 231

138 2061 179 2126 G.
201 2062 318 2147 Engel.
343 2065 476 2151 Kypros
506 2066 522 2129 Ι
546 2091 577 2152 p.
605 2069 668 2151 10).
713 2067 759 2131 At
783 2065 1034 2149 Eratosthenes,
1066 2076 1105 2132 ut
1133 2068 1248 2134 Meieri

136 2160 247 2226 verbis
269 2172 343 2228 utar
357 2165 391 2229 in
406 2187 522 2230 comm.
538 2167 684 2232 Andocc.
705 2167 762 2250 VI,
776 2171 795 2230 2
807 2191 838 2253 p.
852 2168 914 2250 XI,
935 2168 969 2230 in
991 2167 1134 2253 spatioso
1151 2190 1248 2254 opere

137 2263 224 2348 quod
254 2263 295 2328 da
321 2266 490 2330 comoedia
510 2268 657 2333 condidit
684 2289 743 2333 non
765 2279 879 2332 tautum
899 2275 1049 2348 capessit,
1092 2291 1247 2348 quaeam-

136 2384 193 2442 ανα
211 2371 255 2429 ad
272 2371 470 2432 Meneclium
491 2374 709 2434 comoediarum
729 2376 925 2449 pertinerem,
945 2374 1000 2433 sed
1020 2375 1110 2434 verba
1134 2393 1248 2451 qaoque

136 2472 312 2543 explicavit,
339 2488 417 2545 quoe
442 2490 501 2535 aon
528 2476 667 2549 ναίςανίο
688 2493 745 2535 nso
766 2482 819 2535 ακί
837 2475 1114 2534 Αίεκοοδνίκοανα
1137 2475 1248 2536 iudicio

135 2572 262 2632 obscura
284 2575 465 2635 viderentur.
507 2572 623 2658 Itaque
644 2569 776 2652 sactum,
796 2578 834 2632 ut
855 2568 1150 2633 calceamentorum
1170 2595 1247 2657 quo·

138 2690 200 2754 que
223 2678 256 2733 et
272 2670 418 2736 ciborum
438 2674 571 2736 nomina
593 2670 806 2735 insolentiora
827 2669 1029 2755 explanaret,
1048 2669 1151 2735 veluti
1164 2695 1247 2759 quae

136 2792 188 2855 ap.
210 2770 413 2856 Hesychium
438 2774 624 2837 etiamnunc
646 2779 777 2836 exstant
809 2773 1053 2846 Βασιλίδες·
1091 2764 1248 2856 ὑπόδημα

135 2881 331 2953 γυναικεῖον
350 2872 405 2937 καὶ
427 2868 621 2957 αὐληττκόν,
642 2866 688 2950 ὡς
707 2866 962 2957 Ἐρατοσθένης·
987 2865 1133 2936 dadraei
1149 2878 1247 2958 βασι-

136 2972 218 3048 λέως
233 2971 427 3059 κληθέντος,
450 2975 518 3040 vid.
532 2974 766 3060 Bernhardyus
789 2998 820 3061 p.
834 2976 896 3038 206
914 2973 955 3036 fr.
968 2973 1009 3036 V.
1034 2973 1117 3039 Poll.
1139 2997 1245 3040 onom.

136 3073 203 3139 VII
235 3077 275 3137 85
308 3098 340 3161 p.
374 3079 436 3142 294
467 3076 576 3159 Bekk.
610 3067 691 3140 Hcs.
725 3076 869 3140 111530
909 3078 1149 3158 φνλοβαοιίτίς
1181 3077 1246 3142 Eu·

136 3175 233 3239 stath.
256 3178 345 3259 1425,
371 3182 420 3243 10.
449 3177 602 3242 Balduin.
625 3179 667 3244 de
689 3178 769 3242 calc.
786 3179 888 3262 antiq.
908 3179 981 3242 203.
1012 3175 1124 3263 Steph.
1148 3177 1245 3243 Thes.

134 3277 173 3340 L.
197 3277 238 3341 G.
263 3277 299 3341 II
318 3278 399 3343 fasc.
423 3279 440 3342 I
463 3302 495 3365 p.
522 3283 608 3364 172,
634 3273 904 3363 Ἡδνντῆρες·
938 3277 973 3341 ol
991 3271 1079 3353 ἅλες.
1111 3269 1246 3359 Ἐρατο-

134 3383 277 3466 σθένης,
309 3380 376 3446 vid.
407 3379 491 3444 hort.
513 3380 622 3446 Adon.
650 3405 682 3468 p.
703 3382 809 3446 23οΑ
838 3378 932 3443 Phot.
957 3377 1015 3460 02,
1037 3380 1077 3441 24
1100 3373 1188 3453 τινὲς
1210 3377 1246 3441 δὲ

134 3483 293 3567 λέγουσιν
313 3477 545 3568 ἡδυντῆτες
572 3482 656 3549 Poll.
680 3483 787 3547 V171
815 3506 847 3568 p.
872 3485 932 3545 245
966 3479 1075 3544 Bekk.
1099 3478 1244 3564 Hcsyoh.

136 3607 161 3649 s.
174 3608 206 3649 v.
219 3581 364 3668 φολλιάς
385 3583 531 3649 Lobeck.
544 3584 708 3673 Aglaoph.
732 3584 766 3649 Π
778 3586 851 3648 870.
874 3579 1107 3665 Bernhardyus
1130 3578 1152 3643 1.
1165 3601 1194 3642 ο.
1212 3602 1244 3664 p.

139 3690 196 3749 142
227 3688 263 3751 in
288 3687 451 3752 Mercurio
477 3697 626 3773 poemate
655 3686 717 3751 hoc
738 3684 935 3750 vocabulum
955 3681 1075 3746 lectum
1096 3701 1169 3744 esse
1190 3700 1245 3764 pa-

134 3810 204 3852 rum
224 3787 439 3874 probabiliter
458 3790 618 3873 opinatur.

218 3891 356 3956 Photius
390 3891 424 3953 in
459 3888 566 3952 lexico
599 3883 852 3965 Eratosthenea‚
886 3902 969 3969 quae
1001 3881 1131 3967 quidem
1158 3882 1244 3968 apud

134 3991 336 4080 Hesychium
359 3997 538 4071 recurrunt,
560 3987 640 4052 haec
659 3986 804 4052 continet
826 4007 858 4071 p.
879 3986 928 4065 34,
948 3986 966 4046 6
991 3975 1168 4046 adalric
1190 3981 1245 4046 aul

133 4090 173 4158 τὰ
195 4087 310 4178 ὅμοια·
339 4088 450 4177 μακρὰ
472 4084 493 4175 ἡ
515 4092 688 4155 τελευταία
710 4086 765 4154 καὶ
794 4079 1035 4170 παροξύνεται,
1059 4077 1167 4167 ὥςπερ
1189 4083 1244 4147 καί

131 4190 435 4278 Ἐρατοσθένης
472 4193 509 4258 έν
542 4196 577 4276 ιβ
613 4191 688 4275 περὶ
724 4191 911 4276 [κωμῳδίας
942 4211 1004 4254 om.
1042 4187 1131 4269 cod,
1167 4186 1243 4250 add.

135 4296 257 4362 Bernh.
287 4319 320 4382 p.
344 4298 406 4361 233
438 4295 479 4359 Ir.
504 4293 640 4375 XLIV1.
674 4290 883 4357 Eratostheni
915 4312 975 4354 sua
1006 4288 1103 4355 debet
1130 4286 1245 4353 Aelius
