2964 5010
1227 396 1268 457 67

84 538 88 546 ’
159 555 381 636 ἑκατέρωθεν,
404 548 517 639 ὥσπερ
539 549 560 638 ἡ
582 551 824 639 σκολόπενδρα.
868 560 976 623 Τοῦτο
998 558 1035 623 δὲ
1051 554 1267 641 Θεόφραστος

159 655 197 720 ἐν
220 659 261 742 τῇ
286 650 370 735 πρὸς
389 660 520 720 Φανίαν
540 656 698 742 ἐπιστολῇ
719 657 775 721 καὶ
797 651 880 721 ὄνον
896 663 1074 725 καλεῖσθαί
1085 673 1202 742 φησιν,
1222 653 1268 735 ὡς

158 753 250 840 παρὰ
280 762 453 840 Σοφοκλεῖ
482 758 520 822 ἐν
554 762 692 841 Κωφολς
725 756 898 842 σατύροις·
937 757 1123 836 Κυλισδελς
1154 752 1267 841 ὥσπερ

159 859 287 946 (scholl.
312 860 385 925 edd.
409 854 454 936 αἷς
479 860 542 946 τις)
570 853 651 936 ὄνος
669 855 832 942 ίσόπριος.
877 858 992 946 Itaque
1012 859 1192 944 Didymnm
1212 879 1267 944 pa

159 970 282 1027 rentem
293 964 426 1046 agnosci
438 984 498 1048 par
508 971 559 1027 est
569 983 690 1044 eorum,
702 982 786 1048 quae
796 962 949 1046 leguntur
964 962 1052 1047 apud
1066 959 1267 1045 Hesychinm

148 1056 319 1138 Ἴονλος·
351 1063 388 1127 at
411 1067 540 1146 πρῶται
567 1066 637 1128 τῶν
659 1065 786 1145 τριχῶν
808 1058 967 1147 ἐκφύσεις
994 1055 1073 1147 (siud
1097 1064 1159 1125 τού
1181 1060 1267 1125 ίέναι
1353 1101 1362 1117 .-

156 1157 259 1240 αὐτὰς
280 1158 407 1250 οὔλας),
442 1170 552 1230 ίουλοι
584 1163 623 1231 δὲ
644 1166 699 1229 καί
728 1154 827 1231 ούλοι
854 1163 892 1228 αλ
915 1163 953 1228 ἐκ
979 1166 1048 1228 τοῖν
1065 1159 1267 1246 δραγμάτων

155 1263 385 1348 συναράμενοι
405 1266 533 1349 δέσμαι.
556 1267 611 1331 καί
632 1269 720 1344 ζῶον
742 1260 932 1348 πολύπουν,
954 1259 1038 1348 ὅπερ
1061 1258 1155 1348 ἡμεῖς
1168 1265 1267 1348 λέγο-

153 1387 216 1448 μεν
241 1360 335 1432 ὄνον.
390 1366 486 1444 Τινὲς
507 1365 545 1433 δὲ
575 1369 631 1433 καί
655 1363 717 1432 τὸν
744 1364 797 1432 ἐπὶ
825 1376 896 1444 ταῖς
921 1361 1054 1449 ὑδρίαις
1079 1363 1266 1449 γενόμενον

153 1459 236 1530 ὄνον
264 1466 441 1534 πολύποδα
466 1469 522 1534 καί
551 1466 829 1553 συστρεφόμενον
855 1473 974 1533 ίουλον
1002 1469 1170 1553 λέγουσιν.
1215 1469 1264 1536 Si-

154 1567 245 1631 milia
262 1568 384 1635 habent
403 1571 497 1637 Phot.
521 1572 587 1636 lex.
612 1573 682 1652 109,
705 1574 723 1633 4
747 1578 789 1633 et.
811 1592 855 1632 1n.
875 1571 948 1651 472,
971 1571 1011 1634 26
1032 1569 1187 1637 Clitarch.
1210 1594 1263 1658 ap.

154 1676 196 1731 et.
209 1690 253 1731 m.
273 1672 341 1751 111,
353 1674 373 1733 9
395 1671 496 1737 schol.
513 1672 555 1736 ad
567 1672 647 1736 Hes.
671 1692 744 1756 opp.
758 1670 820 1732 522
833 1668 884 1732 ed.
898 1669 1005 1734 Gaisf.
1018 1671 1061 1736 cf.
1073 1671 1176 1735 Arist.
1188 1670 1220 1734 h.
1233 1693 1263 1735 a.

152 1768 234 1832 lvo
255 1769 377 1836 Athen.
397 1794 429 1858 p.
444 1772 549 1837 304F
570 1772 670 1835 305Α
687 1770 770 1835 XIV
791 1792 823 1855 p.
843 1772 904 1834 618
917 1771 950 1833 D
973 1771 1073 1838 schol.
1089 1772 1132 1837 ad
1143 1771 1263 1837 Aesch.

153 1873 205 1933 97.
235 1870 388 1937 Eustath.
412 1897 444 1961 p.
471 1875 568 1955 1162,
588 1876 640 1938 39.
659 1911 703 1923 -
725 1871 808 1938 Cum
834 1870 1051 1937 Eratosthene
1076 1894 1129 1957 ap.
1152 1872 1262 1936 Tzetz.

153 1969 239 2044 Chil.
259 1971 348 2037 XIII
371 1978 432 2039 563
452 1983 484 2040 et
502 1975 603 2040 schol.
626 1974 669 2039 ad
687 1976 767 2039 Eur.
790 1974 867 2038 Tro.
885 1977 965 2038 1165
988 1997 1021 2061 p.
1047 1976 1086 2038 29
1108 1974 1261 2060 Kampm.

152 2071 194 2137 de
214 2096 247 2138 v.
271 2081 393 2159 κῆτος·
417 2079 543 2161 κουρᾶς
566 2070 653 2154 εἶδος
675 2074 747 2160 uri,
773 2095 857 2162 quae
879 2096 943 2139 non
966 2076 1080 2142 dubito
1101 2079 1181 2164 quin
1203 2099 1262 2163 per

151 2175 333 2262 Didymum
360 2177 402 2242 ad
430 2199 490 2243 nos
517 2179 740 2264 pervenerint,
768 2175 854 2242 conf.
873 2174 1018 2263 Hesych.
1048 2201 1074 2243 s.
1094 2202 1127 2243 v.
1156 2183 1261 2260 κῆτος

152 2275 343 2343 Schneider.
365 2278 431 2345 lex.
455 2278 569 2344 (3211
592 2303 624 2367 p.
642 2285 683 2344 47
710 2276 866 2363 μάχαιρα.
911 2277 1060 2366 Respicit
1080 2280 1260 2368 lexicogra-

150 2377 234 2463 phus
258 2379 301 2444 ad
323 2381 426 2445 Arist.
448 2380 532 2446 Aeh.
551 2384 613 2447 849
631 2382 721 2446 Avv.
743 2382 816 2444 807.

233 2479 325 2544 Nihil
351 2491 464 2546 contra
496 2483 540 2548 ad
568 2491 697 2546 nostras
726 2483 934 2568 quaestiones
961 2483 1117 2568 pertinet,
1150 2504 1260 2568 quam-

151 2602 248 2667 quam
270 2582 408 2669 Didymi
430 2592 464 2648 et
479 2581 707 2649 Eratosthenis
728 2582 918 2645 memoriam
939 2584 1094 2646 sociatam
1116 2582 1260 2665 exhibet,

150 2680 261 2769 Steph.
275 2684 357 2770 Byz.
377 2687 482 2768 32,17
500 2685 653 2766 Δίδυμος
672 2677 711 2747 δὲ
732 2683 953 2763 παρατίθεται
975 2685 1095 2765 χρῆσιν
1116 2682 1149 2760 ἐξ
1164 2677 1260 2766 Ἐρα-

149 2779 606 2871 τοσθένουςἈλεξανδρίτης,
625 2783 713 2870 qnod
733 2782 776 2847 ad
797 2782 838 2846 E.
862 2783 1096 2870 geographiam
1117 2784 1259 2850 referen-

150 2885 227 2950 dum
243 2886 383 2954 videtur.
412 2888 584 2954 Ibidemne
603 2907 646 2951 an
661 2886 696 2948 in
711 2884 776 2950 alio
790 2884 831 2948 E.
850 2874 947 2970 opere
963 2887 1162 2971 exstiterint,
1175 2907 1259 2975 quae

148 2986 296 3052 Paussn..
318 3011 371 3076 ap.
399 2989 552 3054 Eustath.
581 2987 621 3053 Il.
649 2986 678 3048 B
704 3009 737 3072 p.
761 2988 839 3069 302,
861 2987 900 3050 27
929 2988 970 3052 de
994 2983 1118 3071 φελλὸς
1141 2985 1260 3073 Ἀρκάς

148 3088 293 3154 eiusdem
318 3091 504 3155 testimonio
531 3091 650 3172 munit,
676 3089 837 3152 incertum
863 3096 982 3153 manet.
1026 3089 1141 3178 Neque
1166 3091 1258 3179 quid-

148 3212 245 3276 quam
276 3191 319 3256 ad
350 3191 451 3257 libros
483 3191 524 3256 de
551 3190 721 3257 comoedia
747 3189 827 3255 iacit
852 3190 1069 3277 fragmentum
1098 3191 1260 3278 Cyrenaei
1344 3189 1351 3199 ’

145 3312 260 3357 recens
283 3315 326 3359 ex
346 3291 528 3361 Herodiani
550 3293 628 3359 dict.
655 3292 714 3358 sol.
734 3315 766 3379 p.
793 3295 852 3356 102
872 3316 892 3359 a
909 3294 1048 3359 Lehrsio
1069 3302 1196 3358 erutum
1217 3293 1259 3358 de

147 3394 259 3459 Araxe
279 3394 397 3477 fluvio,
422 3393 583 3481 siquidem
612 3417 678 3461 non
706 3396 857 3480 sagacius
877 3417 975 3482 qnam
997 3396 1108 3460 verius
1125 3395 1185 3461 hic
1206 3395 1259 3458 vir

148 3495 263 3560 doctus
282 3518 326 3561 ex
347 3497 507 3582 corruptis
529 3496 682 3562 ductibus
700 3496 922 3581 παρατιθέναι
944 3497 1056 3563 elicuit
1073 3488 1152 3577 παρ’
1163 3488 1258 3576 Ἐρα-

145 3589 311 3663 vosone.
353 3597 464 3683 Atque
486 3597 567 3664 haec
587 3598 755 3664 haetenus.

232 3698 268 3765 Si
283 3721 364 3787 quas
379 3700 480 3784 igitur
497 3700 744 3766 observationes
763 3698 852 3764 haud
867 3699 1000 3764 inutiles
1016 3695 1140 3760 salubri
1155 3694 1258 3760 sobrii

146 3799 260 3865 iudicii
287 3822 367 3866 aura
395 3803 498 3884 vecti,
527 3822 593 3864 non
613 3800 793 3886 praecipite
814 3799 955 3883 quodam
976 3794 1173 3859 coniiciendi
1192 3803 1257 3858 tur-

144 3899 221 3965 bine
243 3903 324 3983 acti,
350 3904 445 3989 quasi
467 3900 628 3988 quaedam
651 3899 791 3983 Didymi
809 3896 896 3961 bona
918 3905 1084 3981 tamquam
1106 3919 1125 3960 e
1145 3917 1258 3982 scopu-

140 4000 210 4066 loso
230 4000 538 4090 lexicographorum
558 4000 676 4087 pelago
697 4005 865 4084 reportata
883 3999 916 4062 in
936 3996 1031 4062 litore
1044 3998 1257 4083 reposuimus,

139 4103 248 4189 placet
268 4124 325 4167 eas
347 4105 382 4168 in
404 4103 466 4172 hoc
483 4100 713 4189 disputationis
733 4102 829 4188 quasi
848 4110 944 4187 portu
964 4100 1131 4165 literarum
1148 4098 1258 4165 ordini

138 4204 313 4276 adstrictas
341 4206 535 4292 constipare.
581 4202 676 4290 (Sigl.
704 4202 733 4266 E
760 4203 894 4268 denotat
918 4200 1185 4283 Eratosthenem,
1215 4199 1255 4264 L.

139 4305 403 4392 Lycophronem,
425 4306 469 4371 D.
490 4306 698 4392 Didymum.)

1001 4400 1045 4464 ὁ*
