2948 5024
594 434 791 495 -Z—-
1190 433 1248 495 129

138 599 201 688 τήν
229 596 365 686 γραφήν
392 592 505 684 εὑρών
532 598 713 683 ἐνίκρινεν.
763 596 876 681 Χάρης
907 593 943 662 δὲ
965 592 1088 681 γράφει
1111 606 1248 684 *μεσση-

138 700 201 789 γδς
223 712 385 786 ποταμοῖο
408 697 639 785 Σκαμάνδρου
660 699 716 766 καί
736 698 943 785 Σιμόεντος.’
965 697 1077 776 BLV.]
1183 752 1185 755 .

224 824 288 899 [10.
305 816 393 898 τινὲς
413 816 451 887 τό
474 818 651 905 μετώτω
671 822 813 898 δυτιιώς·
844 818 899 884 καί
918 811 1067 901 ἀλλαχοῦ
1093 818 1157 903 γάρ
1180 845 1248 905 φη-

139 942 194 990 σιν
213 925 305 1008 εἐμῆς
326 919 477 1007 κόρυδος
498 918 679 988 λεύσσουσι
708 921 855 1006 μέτωπά
880 921 935 1009 (11.
966 926 1003 986 Π
1025 925 1088 1013 76)ἱ
1102 921 1246 1006 BDLV.]

222 1047 274 1106 54.
305 1036 465 1118 άντίος·
496 1034 606 1117 οὕτως
625 1034 836 1124 Ἀρίσταρχος
862 1034 920 1106 διά
940 1043 1004 1105 τοῦ
1025 1058 1057 1123 ο,
1086 1036 1181 1106 ἄλλοι
1212 1040 1248 1106 δὲ

138 1139 193 1209 διὰ
215 1146 277 1209 τοῦ
290 1167 320 1207 ν.
342 1144 396 1227 Α,
418 1143 528 1224 ο1.Β.,
551 1143 606 1228 qui
621 1142 783 1208 vocabulo
804 1137 900 1209 ἄλλοι
920 1142 1088 1207 substituit
1101 1142 1248 1208 Zenodo-

136 1255 203 1311 tum
226 1255 258 1311 et
279 1245 381 1311 edicit
402 1265 574 1308 censuram
594 1243 728 1308 brevem
751 1238 845 1310 δοιαὶ
864 1237 1015 1328 ἄμεινον.

221 1351 273 1411 71.
294 1346 381 1413 Vide
399 1367 498 1434 supra
517 1367 550 1430 p.
576 1351 647 1413 114.
1254 1421 1256 1423 .

222 1469 272 1531 76.
295 1460 569 1530 οἰωνοπόλων
586 1457 638 1548 ὄχ’
664 1459 852 1546 άριστος·
875 1460 1071 1549 Ἀμμώνιος,
1093 1458 1139 1543 ώς
1158 1458 1247 1547 Ἀρί-

135 1584 288 1652 σταρχος,
310 1565 514 1649 προφέρεται
535 1563 591 1629 καὶ
612 1562 739 1648 ταύτην
765 1561 828 1649 τήν
853 1563 1005 1650 γραφήν,
1034 1566 1187 1651 μάντις
1214 1562 1244 1631 τ’

136 1663 401 1744 οίωνοιιόλος
422 1690 473 1731 τε.
498 1668 601 1750 ἔργον
621 1665 658 1732 δὲ
678 1662 716 1732 τό
738 1666 843 1750 σαφὲς
863 1671 984 1733 είιτετν·
1008 1666 1062 1735 διό
1080 1670 1189 1753 διχώς.
1205 1671 1245 1733 A.

137 1771 231 1836 Cori.
254 1763 299 1847 ός
311 1763 559 1851 Ἀριστάρχειον
581 1769 794 1853 προφέρεται,
816 1769 891 1836 coll.
914 1774 944 1835 Θ
965 1773 1038 1835 513.

222 1875 273 1936 96.
299 1875 344 1934 at
358 1892 444 1934 κεν·
463 1863 674 1954 Ἀρίσταρχος
702 1865 754 1950 ώς
777 1896 860 1939 κεν.
882 1873 924 1938 Α.

225 1975 294 2036 113.
318 1972 418 2055 διχώς
435 1965 656 2057 Ἀρίσταρχος,
679 1973 734 2038 καί
755 1971 812 2039 διά
830 1978 893 2040 τοῦ
910 1975 959 2058 κε’,
982 1968 1093 2058 ὄφρα
1113 1967 1141 2038 τ’
1158 1969 1245 2059 ἐγώ,

136 2072 192 2140 καί
210 2068 266 2140 διά
289 2076 353 2139 τοῦ
375 2066 433 2138 άν.
456 2074 497 2138 Α.

225 2178 295 2239 121.
318 2171 508 2257 Ζηνόδοτος
520 2175 575 2240 καί
591 2168 834 2260 Ἀριστοφάνης
845 2177 970 2255 δυίκώς
989 2181 1003 2244 ί
1008 2176 1115 2244 όντε.
1149 2178 1187 2243 ἐν
1208 2177 1244 2243 δὲ

136 2289 206 2358 τοῖς
240 2279 435 2362 ἔμπροσθεν
465 2274 645 2360 εἰρήκαμεν
667 2269 888 2363 Ἀριστάρχου
915 2274 1001 2347 εἶναι
1029 2277 1102 2364 τήν
1123 2276 1247 2363 διιιιιήν

138 2375 285 2464 ιιαφίν·
307 2379 350 2443 A.
373 2375 473 2467 (LV.)

224 2481 293 2545 128.
328 2474 436 2557 οὕτως
454 2474 684 2563 Ἀρίσταρχος,
706 2469 780 2543 οἷον
802 2482 1031 2567 καταβίβηιιας
1053 2476 1114 2551 τόν
1137 2477 1244 2568 οόρα-

137 2581 210 2650 νόν.
233 2579 286 2648 διδ
310 2580 367 2648 διὰ
388 2585 450 2647 τοῦ
470 2604 492 2644 ν
511 2577 635 2664 γράφει
656 2573 741 2643 κατ’
766 2575 962 2665 οὐρανόν.
985 2582 1027 2646 A.

223 2707 292 2767 155.
312 2695 425 2777 Ἰακώς
444 2695 481 2765 τό
505 2700 649 2763 τίκτεν
664 2691 884 2782 Ἀρίσταρχος.
907 2701 951 2764 A.
981 2685 986 2693 ’

224 2809 295 2869 157.
315 2799 525 2887 Ἀρίσταρχος
542 2793 655 2876 Ἰαιιώς
678 2795 782 2864 κατὰ
804 2798 968 2887 μήσατο.
994 2802 1035 2866 A.

222 2909 293 2971 159.
317 2901 396 2990 γάρ
421 2927 510 2988 μιν·
532 2902 696 2989 γράφεται
718 2902 795 2988 γάρ
817 2906 865 2970 οί.
887 2905 930 2970 A.

224 3012 293 3073 170.
316 3001 519 3091 ἠνώγειν·
542 3001 650 3085 οὕτως
671 3002 737 3072 σὺν
754 3011 800 3095 τῷ
822 3031 843 3072 ν
863 3002 1048 3092 ἠνώγειν
1073 3000 1269 3093 Ἀρίσταρ-’

136 3132 208 3194 χος·
226 3103 419 3194 ’ἠνώγειν
440 3103 515 3193 γάρ.
538 3110 579 3174 A.

223 3215 292 3274 171.
315 3204 333 3275 ὁ
353 3203 457 3288 Ἰξίων
478 3211 516 3275 ίν
536 3215 584 3300 τῷ
597 3206 719 3301 τιρώτφ
733 3214 780 3300 τῷ
799 3208 885 3297 τρδς
901 3205 960 3291 τάς
973 3207 1146 3297 ίξήγήσεις
1160 3232 1246 3297 τιρο-

137 3314 274 3398 φίρεται
301 3307 383 3397 μετ’
408 3306 606 3397 άμόμονι.
627 3314 669 3379 Α.

224 3418 293 3478 174.
312 3407 523 3498 Ἀρίσταρχος
544 3414 600 3480 καὶ
623 3416 810 3493 ξείνισσε
831 3416 886 3481 nal
909 3416 1071 3494 ξείνιζε.
1094 3416 1136 3480 A.

222 3518 293 3580 187.
316 3509 603 3605 άνερχομίνφ·
625 3512 734 3595 οὕτως
752 3510 979 3603 Ἀρίσταρχος,
1010 3511 1105 3582 άλλοι
1127 3514 1165 3581 δὲ
1186 3513 1242 3582 διά

134 3620 196 3685 τοῦ
219 3614 530 3707 είιτερχομίνφ.
553 3619 595 3684 Α.
618 3618 753 3707 (desipit
772 3619 828 3706 V.)

220 3737 291 3800 248.
315 3730 407 3819 παρ’
433 3738 597 3821 αίδοίής
624 3731 861 3820 άλόχοισιν·
908 3729 1016 3812 οὕτως
1035 3729 1246 3819 Ἀρίσταρχος

122 3832 230 3921 Ἰπαρ’
257 3837 428 3924 αἰδοίῃς.
453 3836 491 3902 ἐν
513 3831 603 3925 tute
628 3833 736 3921 ταρὰ
758 3839 953 3923 μνηστῇς.
975 3836 1017 3900 Α.

221 3957 294 4021 266.
316 3948 578 4022 άνίιττοισιν·
607 3950 715 4031 οὕτως
733 3949 955 4037 Ἀρίσταρχος,
984 3946 1002 4017 ό
1025 3949 1062 4017 δὲ
1081 3946 1247 4040 Ἡρφδια-

52 4092 60 4108 ·
135 4051 195 4135 νδς
214 4058 259 4144 (2)
283 4052 340 4122 διά
360 4061 422 4123 τοῦ
441 4051 663 4143 ἠάνίτιτήσιν.
677 4057 732 4129 A.
776 4055 805 4119 Ε
828 4063 983 4144 sequente
1006 4053 1129 4121 scholio
1149 4077 1246 4142 eppe·

135 4169 184 4223 ret
205 4180 266 4246 pro
284 4158 475 4224 Herodiano
496 4159 734 4225 restituendum
757 4180 830 4223 esse
844 4156 1063 4224 Zenodotum:
1087 4179 1171 4244 quae
1192 4178 1246 4220 no-

135 4261 224 4324 mine
240 4259 403 4348 quomedo
425 4261 583 4326 confundi
605 4262 770 4348 potuerint
792 4284 811 4325 e
833 4259 1065 4349 compendiose
1086 4259 1247 4347 scripture

135 4362 328 4448 explicatur.
379 4359 419 4427 δέ
444 4365 531 4428 enim
557 4372 589 4428 et
616 4364 633 4440 ξ
662 4363 759 4428 facile
786 4369 1021 4451 permutantur.
1063 4361 1177 4449 Itaque
1201 4361 1246 4441 fit,

185 4487 343 4529 uiuimus.
1020 4460 1039 4522 9
1124 4493 1130 4504 ·
