2962 5024
238 396 299 456 220

231 557 439 646 Ἡρακλείων
462 560 545 644 φησὶ
572 557 697 644 χαλκὸν
725 560 762 626 τὸ
785 553 895 628 ἆθλον
927 559 1011 628 εἶναι
1040 575 1109 640 τοῖς
1134 563 1172 629 ἐν
1192 557 1351 653 Ἀρκαδίᾳ

237 667 415 746 Λυκαίοις,
441 657 526 727 ὥστε
555 659 621 727 ἀπὸ
645 667 765 729 κοινοῦ
790 661 830 729 τὰ
859 667 940 748 ἔργα
968 664 1023 730 καὶ
1049 663 1109 730 τὸν
1137 662 1262 749 χαλκὸν
1288 673 1351 751 λη-

238 766 348 848 τιτέον,
364 758 420 829 ὅτε
439 762 544 848 φησὶν
566 757 584 829 ὁ
610 767 797 849 Πίνδαρος·
829 762 848 830 ὅ
871 760 902 830 τ’
928 765 965 831 ἐν
979 760 1093 850 ’Ἀργει
1115 762 1236 849 χαλκὸς
1262 769 1350 850 ἔγνω

237 892 305 953 μιν,
327 863 367 931 τά
390 888 426 931 τε
448 866 486 929 ἐν
503 859 660 952 Ἀρκαδίᾳ
682 868 763 950 ἔργα
785 863 922 952 Θήβαις.
969 870 1099 933 δίδοται
1120 865 1183 953 γὰρ
1207 869 1244 934 ἐν
1266 868 1350 935 ταύ-

237 991 307 1047 ταις
326 971 466 1052 τρίτους
486 971 639 1050 χαλκοῦς.
684 969 811 1034 Πολλοὶ
839 966 874 1033 δ’
893 965 1034 1054 ἄγονται
1057 964 1187 1054 ἀγῶνες
1209 970 1247 1036 ἐν
1266 966 1344 1056 Ἀρ-

236 1072 336 1157 καδία
370 1065 502 1135 Λύκαια
529 1064 655 1151 Κόρεια
674 1063 803 1135 Ἀλεαῖα
821 1064 979 1154 Ἕρμαια·
1016 1071 1053 1135 ἐν
1087 1072 1123 1137 δὲ
1146 1069 1273 1157 Θήβαις
1297 1069 1339 1138 τὰ

230 1166 420 1253 Ἡράκλεια,
442 1164 482 1234 τὰ
497 1168 533 1233 ot
554 1163 640 1235 αὐτὰ
661 1171 717 1235 καί
733 1166 871 1237 Ἰολάεια
894 1180 1057 1239 καλεῖται·
1096 1174 1134 1237 ἐν
1151 1172 1348 1261 erasmus

234 1274 272 1337 έν
296 1269 358 1355 μὲν
378 1276 554 1348 Θεσπειαῑς
573 1267 727 1355 Ἐρώτιο,
759 1272 797 1338 ἐν
826 1273 862 1339 δὲ
885 1285 956 1351 ταῖς
976 1279 1158 1351 Πλαταιαῖς
1175 1270 1217 1339 τὰ
1235 1269 1348 1354 Ἐλευ-

234 1374 350 1455 δέρια.Ι
390 1376 495 1437 ταῦτα
513 1367 750 1456 Ἀριστόνικος.
795 1368 813 1438 ὁ
843 1374 880 1439 δὲ
901 1374 1091 1459 Δίδυμός
1113 1393 1195 1458 φησι
1226 1379 1348 1463 (προσ-

235 1478 350 1558 τίθησι
358 1476 389 1562 i)
417 1474 472 1540 καὶ
496 1470 696 1558 Ἀμφιαράια
728 1477 765 1541 ἐν
784 1470 927 1564 Ὠρωπῷ
949 1478 1004 1542 καὶ
1026 1475 1136 1561 Δήλια
1156 1477 1210 1542 aa
1232 1481 1348 1565 Δηλίῳ

236 1578 291 1642 καί
315 1574 497 1661 Τροφώνια
519 1576 556 1641 ἐν
578 1579 754 1664 Λεβαδείᾳ.
799 1579 891 1643 Vrat.
914 1580 955 1643 A.

319 1678 466 1743 Illustrat
495 1680 614 1764 partim
649 1679 688 1743 L.
722 1679 857 1743 Prcller.
894 1680 1017 1744 Polam.
1049 1704 1082 1765 p.
1117 1683 1157 1742 53
1178 1701 1249 1766 sqq.
1293 1680 1347 1744 De

234 1781 318 1845 Alea
339 1781 420 1845 urbe
443 1781 570 1868 diisque
593 1781 640 1846 ibi
661 1782 757 1846 cultis
780 1804 811 1845 v.
835 1781 984 1847 Curtium
996 1780 1109 1866 Pclop.
1124 1781 1141 1844 Ι
1155 1783 1215 1845 218
1229 1803 1281 1864 n.;
1305 1781 1346 1846 de

234 1883 347 1948 Corcis
374 1877 610 1946 ab'Hermacis
632 1882 772 1947 fortasse
794 1904 859 1946 non
882 1882 1122 1966 distinguendis
1147 1880 1284 1946 eundem
1309 1906 1341 1969 p.

235 1988 295 2047 296
319 1983 392 2048 coll.
415 2006 447 2067 p.
468 1986 539 2065 336,
561 1987 597 2065 83
620 1983 660 2047 de
681 1984 822 2070 Lycaeis
849 1983 1052 2048 Boeckhium
1082 1983 1168 2069 sxpl.
1192 1982 1287 2048 Pind.
1312 2007 1343 2069 p.

236 2089 306 2148 175.
338 2084 454 2148 -Simul
477 2107 519 2147 ex
539 2084 601 2148 hoc
622 2084 694 2163 loco
716 2095 807 2171 patet
820 2086 1043 2149 Aristonicum
1066 2086 1099 2148 in
1120 2084 1256 2148 Pindari
1277 2086 1345 2170 epi-

233 2186 320 2248 nicia
343 2196 418 2248 anto
447 2185 628 2272 Didymum
662 2195 913 2251 commentatum
945 2209 1017 2250 csse
1040 2185 1206 2272 (Bocekh.
1239 2187 1342 2271 praef.

233 2284 346 2349 scholl.
371 2307 404 2370 p.
428 2285 541 2371 XLI),
570 2309 665 2372 quem
695 2287 813 2351 scimus
842 2288 875 2351 in
898 2287 1083 2364 Homericis
1113 2286 1265 2373 operibus
1285 2285 1344 2349 Di-

233 2387 331 2472 dymo
353 2409 448 2451 usum
471 2409 553 2451 esse.
598 2388 713 2474 Itaque
735 2389 817 2453 alter
840 2388 934 2452 altcri
957 2409 1077 2474 suppar
1099 2388 1193 2451 vixit.

764 2578 810 2637 13.
890 2587 892 2592 ’

318 2691 364 2754 ib.
394 2694 452 2754 159
488 2686 689 2755 νώτοισιν
716 2685 983 2775 Ἀταβυρίου·
1009 2727 1053 2739 -
1075 2690 1285 2771 ’Δίδυμος
1305 2691 1346 2753 δέ

232 2809 338 2876 φησιν
367 2785 451 2855 εἶναι
476 2791 514 2856 ἐν
535 2795 675 2877 Σικελία
698 2786 779 2872 ὄρος
802 2788 1019 2877 Ἀταβύριον,
1046 2785 1091 2867 ὦς
1124 2788 1260 2873 Τίμαιός
1283 2790 1341 2875 (fr.

234 2898 253 2957 3
279 2894 345 2959 vol.
368 2893 384 2956 I
409 2915 441 2977 p.
467 2897 526 2957 194
553 2893 681 2976 Muell.)
714 2911 807 2977 φησι.
831 2914 832 2917 ’
853 2899 1000 2958 καλεῖται
1026 2888 1139 2954 δὲκαὶ
1161 2885 1341 2972 ὁἈταβύ·

234 3016 315 3072 ριος.
337 2991 481 3056 Boeckh.
508 2994 542 3055 in
565 2994 652 3080 cxpl.
670 2993 765 3058 Pind.
787 3019 818 3082 p.
837 2999 896 3057 177
918 2995 1013 3080 (nott.
1029 2992 1105 3076 390)
1130 2991 1271 3055 conferri
1293 2991 1341 3054 iu-

231 3094 287 3158 bet
308 3093 430 3157 Meurs.
454 3094 559 3158 Rhod.
588 3094 605 3157 I
637 3098 655 3158 8
689 3094 832 3159 Goeller.
861 3095 937 3159 hist.
964 3094 1078 3180 Syrac.
1114 3115 1146 3178 p.
1169 3095 1262 3154 294.·
1287 3092 1339 3154 Of.

232 3193 341 3278 steph.
364 3193 445 3280 Byz.
468 3198 524 3257 141
549 3194 593 3258 M.
617 3195 769 3282 Apollod.
787 3196 840 3259 ΙΙΙ
865 3197 893 3278 2,
918 3201 931 3258 1
957 3194 1058 3258 Diod.
1081 3193 1112 3256 V
1132 3197 1172 3256 59
1192 3191 1338 3279 Hesych.

232 3316 257 3357 s.
284 3316 317 3356 v.
343 3293 452 3358 Tacta.
478 3294 562 3359 Chii.
592 3296 641 3360 IV
664 3300 726 3360 399
756 3297 904 3361 Lactant.
928 3296 1009 3359 Inst.
1037 3296 1053 3358 Ι
1079 3297 1119 3356 22
1143 3294 1339 3360 Olshaussn.

232 3397 266 3456 in
288 3395 373 3458 Mus.
396 3395 501 3460 Rhcn.
524 3396 565 3460 N.
587 3398 626 3461 F.
653 3400 733 3461 1853
753 3421 785 3484 p.
799 3401 881 3487 323.
926 3397 955 3460 E
977 3397 1149 3460 Lactantio
1176 3417 1255 3458 vero
1275 3395 1339 3459 col-

230 3494 314 3580 ligas
335 3494 514 3581 Didymum
542 3498 584 3562 ad
604 3498 635 3562 h.
660 3498 682 3561 l.
704 3499 834 3584 longius
866 3501 1067 3580 excurrisse„
1096 3519 1192 3584 quam
1213 3505 1338 3561 nostro-

230 3606 301 3659 rnm
320 3595 517 3662 scholiorum
536 3599 680 3665 conditio
701 3599 820 3684 prodit.
1367 3598 1369 3601 ’

760 3786 809 3845 14.

315 3897 426 3961 Verba
444 3899 609 3962 Lactantii
630 3921 662 3982 p.
687 3899 745 3961 130
761 3897 819 3961 LB
832 3896 979 3962 edGall.
1002 3896 1083 3960 haec
1104 3906 1193 3959 sunt:
1213 3900 1337 3972 Didy-

228 4019 307 4061 mus
334 4005 371 4060 ία
401 4005 518 4098 libris
536 3996 777 4091 ,ἐξηγήσεως
805 4000 1066 4078 Πινδαρικῆς
1091 4003 1157 4067 ait,
1197 4000 1338 4058 Melissea

230 4103 410 4163 Cretensium
430 4101 530 4175 repam
550 4105 684 4176 primum
706 4105 995 4176 messuerimus,
1019 4118 1056 4161 ac
1078 4104 1153 4158 ritus
1175 4115 1262 4158 novos
1281 4116 1336 4157 su-

89 4222 102 4249 ·
226 4219 402 4276 crurumque
436 4217 564 4276 pompas
601 4204 811 4264 introduxisse.
866 4205 963 4262 Huius
1002 4202 1079 4258 duas
1115 4199 1212 4270 fuisse
1245 4201 1336 4272 filias,

227 4302 410 4361 Αιααίλλιαια
431 4310 460 4362 et
478 4301 648 4374 Melissum,
678 4321 756 4378 quae
777 4305 876 4364 Iouem
901 4318 1028 4379 puerum
1049 4302 1179 4375 cuprina
1200 4303 1279 4360 lecte
1299 4317 1337 4360 uc
