2948 5024
188 409 301 503 ι166
695 406 897 465 -11—

321 575 395 634 445.
420 564 533 646 οὕτως
556 571 625 647 ζῶν
647 570 684 634 αί
700 564 935 655 Ἀριστάρχου,
960 565 1019 635 ἀπ’
1043 564 1179 649 εὐθείας
1198 576 1257 656 τῆς
1278 575 1352 655 ζῶς,

239 670 299 740 τόν
322 675 403 751 ζῶν
427 663 469 756 ‘6
492 695 529 737 κε
553 674 614 750 ζῶς
635 666 800 755 ἀμενηνὸς
822 674 877 737 ἐα’
900 673 954 760 (ΙΙ.
979 678 1011 738 Ε
1031 675 1118 756 887).
1141 676 1183 738 Α.

321 780 394 839 450.
414 769 884 858 Ἀρίσταρχοςφίλοςέστί,
905 771 1354 860 66606692'6066012‘6

282 882 399 965 467.
426 879 521 942 δοκεῖ
540 873 596 942 διά
617 873 748 941 τούτων
770 885 968 999 συχχείσθαι
990 871 1010 961 ἡ
1034 873 1182 962 διαφορά
1205 883 1268 943 τοῦ
1290 883 1354 964 βα-

156 990 161 1010 “
240 988 312 1048 λείν
334 980 389 1045 καὶ
412 959 570 1044 όάτάσαι
604 979 762 1064 βέβληται
794 975 858 1062 γάρ
884 974 901 1044 6
930 978 1098 1064 Πήδασος.
1142 980 1198 1046 καί
1226 978 1355 1066 μήποτε

240 1080 355 1168 γραφή
378 1107 427 1159 τις
449 1079 597 1164 ἐφέρετο,
621 1069 717 1145 δι’
695 1105 734 1164 ης
755 1077 792 1145 τό
813 1085 871 1164 τῆς
893 1080 1011 1159 λέξεως
1033 1078 1182 1165 σύνηθες
1204 1079 1355 1166 ἐφύλασ-

241 1207 300 1251 σεν
316 1181 481 1268 Ὅμηρος·
505 1178 547 1246 06
568 1179 632 1267 γάρ
656 1175 698 1247 ἀν
723 1177 806 1247 αὐτό
819 1177 1124 1267 ἀπαραμύθητον
1109 1213 1127 1248 ο
1143 1180 1355 1268 Ἀρίσταρχος

242 1284 383 1372 ἀφῆκεν.
406 1286 443 1350 ε’ν
466 1289 583 1350 τοίνυν
602 1288 643 1371 τῇ
663 1282 855 1369 Φιλήμονος
877 1280 985 1363 οὕτως
1005 1285 1143 1370 ἐφέρετο
1162 1279 1198 1351 εό
1218 1282 1255 1351 δὲ
1267 1291 1303 1351 Π
1307 1283 1354 1369 η’

241 1394 374 1455 δασον
393 1383 728 1473 ἤλασεν”ιππον’.
763 1383 915 1470 ἔστιγὰρ
938 1382 993 1452 ότε
1016 1387 1070 1453 ἐπὶ
1089 1392 1147 1472 τής
1166 1392 1294 1513 πληγῆς
1315 1383 1352 1452 τό

241 1487 365 1575 ἤλασεν
389 1501 511 1572 κεῖται,
540 1482 585 1566 ῶς
608 1487 660 1554 ἐπὶ
683 1493 745 1554 τοῦ
765 1482 906 1573 Ἀρήτου
931 1489 985 1576 (Il.
1009 1491 1165 1578 Ρ517)
1174 1490 1228 1554 καὶ
1250 1487 1354 1575 βάλεν

238 1590 409 1678 Ἀρήτοιο’
433 1587 501 1657 εἶτα
519 1586 721 1678 νειαίρηδ’
743 1591 780 1656 ἐν
797 1591 915 1712 χαστρὶ
933 1587 988 1655 διά
1006 1594 1353 1675 ζῶστήροςέλασσεν.’

242 1692 297 1760 διά
317 1697 431 1779 μέντοι
454 1697 514 1758 τοῦ
538 1717 559 1758 ν
580 1696 748 1778 γραπτέον
772 1690 808 1759 τό
833 1691 1040 1777 δεύτερον
1062 1688 1276 1779 ὁρμηθείς.
1311 1695 1353 1758 A.

241 1798 432 1862 Hariolatur
449 1796 490 1861 V.

326 1901 398 1963 488.
432 1893 488 1962 διά
508 1901 569 1963 τοῦ
591 1923 623 1982 ν,
642 1898 685 1963 ἐν
704 1894 994 1980 εἰλιπόδεσσι
1013 1898 1049 1962 αί
1062 1892 1286 1980 Ἀριστάρχου.
1311 1898 1352 1961 Α.

145 2062 149 2068 .
245 1997 460 2087 [γράφεταιέ
467 1993 503 2063 π’
530 1996 812 2065 εἰλιπόδεσσι
835 2000 872 2063 αί
890 1998 926 2064 δε
950 2003 1085 2077 πλειους
1103 1994 1278 2063 διατουν
1300 1999 1353 2080 V.]

325 2105 397 2165 504.
419 2095 527 2179 οὕτως
545 2095 756 2186 Ἀρίσταρχος
778 2103 870 2167 ἐλκε
889 2102 989 2186 χωρὶς
1011 2105 1072 2167 τοῦ
1093 2129 1115 2187 ι,
1140 2101 1194 2167 καὶ
1213 2103 1353 2184 ἐχοντο

242 2197 350 2280 οὕτως
373 2199 428 2267 διὰ
450 2206 565 2287 τοῦχ.
586 2206 627 2268 A.

326 2309 398 2368 507.
434 2299 489 2369 διά
512 2308 575 2369 τοῦ
597 2328 613 2369 ε
635 2307 776 2388 λίπεν,
807 2301 921 2389 ἐπειδή
945 2301 985 2370 τά
1007 2301 1137 2390 ἀρματα
1159 2310 1227 2372 τῶν
1250 2300 1353 2370 ἀνάκ-

242 2430 311 2471 των
337 2406 563 2492 ἐλείφθησαν,
596 2402 838 2492 ἠρημώθησαν.
883 2405 1073 2491 Ζηνόδοτος
1102 2406 1138 2473 δὲ
1166 2404 1221 2474 διά
1249 2412 1310 2473 τοῦ
1335 2432 1353 2471 ο

242 2511 375 2572 λίπον.
399 2508 441 2573 A.
468 2507 530 2598 [L]
564 2581 567 2585 ⁴
1088 2571 1091 2576 ,
1130 2496 1133 2501 ’

325 2616 397 2675 515.
421 2605 633 2695 Ἀρίσταρχος
655 2609 692 2677 τό
711 2616 836 2697 πλῆρες
857 2608 973 2678 ἀκούει
993 2611 1181 2679 πάντοσε.
1203 2606 1351 2694 Ζηνόδο-

242 2737 299 2789 τος
318 2709 475 2790 πάντες
495 2708 668 2780 ἀκούειν
691 2710 747 2780 διά
771 2720 833 2780 τοῦ
853 2739 885 2780 ε·
919 2712 1078 2800 (πάντοσε
1099 2710 1144 2791 ῶς
1165 2710 1353 2778 πάντοθεν·

243 2813 300 2880 κτὲ
319 2815 501 2879 Herodiani
522 2839 594 2881 esse
615 2817 769 2882 videntur
791 2818 864 2883 coll.
887 2818 940 2901 L.)
957 2818 998 2881 A.

323 2919 396 2981 522.
423 2911 635 3001 Ἀρίσταρχος
665 2913 758 2984 οὐδ’
782 2909 831 2984 06
851 2915 1010 2996 παιδός.
1033 2921 1075 2983 Α.

328 3021 401 3084 526.
415 3013 523 3095 οὕτως
533 3016 587 3084 διά
597 3024 691 3104 τουη
706 3022 743 3085 αί
749 3017 966 3105 Ἀριστάρχου
981 3019 1300 3102 κατατεθνηῶτι.
1312 3018 1353 3082 A.

324 3123 396 3183 559.
420 3113 509 3185 ἀλλ’
533 3126 573 3184 εί
590 3146 676 3204 μιν
701 3122 738 3187 ἐν
759 3128 799 3211 τῇ
817 3119 949 3190 Ῥιανοῦ
972 3119 1058 3189 ἀλλ’
1084 3109 1130 3185 εό
1148 3144 1229 3203 μιν.
1249 3122 1291 3184 A.

328 3219 412 3307 [613.
437 3220 474 3283 ἐν
494 3224 533 3306 τῇ
557 3218 651 3308 ἕτέρα
674 3227 743 3288 τῶν
761 3219 977 3308 Ἀριστάρχου
1000 3217 1063 3287 οόκ
1087 3220 1222 3305 ἐφέρετο
1246 3219 1353 3285 καθά-

244 3322 323 3399 παξ·
337 3319 382 3407 ,ἐν
399 3320 435 3386 δὲ
448 3325 487 3409 τή
501 3322 642 3410 δευτέρα
653 3317 775 3408 ἀλοχος
795 3327 826 3414 (λ
839 3320 971 3411 όβελός)
994 3320 1085 3411 αὐτῷ
1100 3326 1283 3407 παρέκειτο.
1298 3323 1351 3411 V.]

329 3425 401 3487 633.
426 3419 533 3501 οὕτως
556 3418 941 3511 όρῶρειἈρίσταρχος,
963 3428 1000 3490 ἐν
1012 3445 1099 3491 τισιν
1115 3419 1136 3490 ό
1143 3447 1288 3508 ρωρεν.
1312 3424 1354 3488 A.

324 3528 397 3590 634.
422 3521 574 3611 ἀκουή·
595 3522 837 3612 Ἀριστοφάνης
857 3523 982 3612 ἀν’.τή
1003 3528 1076 3593 AV.

326 3623 445 3693 636!
423 3652 563 3713 αμεινον
587 3625 690 3714 εἶχεν,
713 3632 818 3712 φησίν
840 3625 858 3694 6
879 3626 1136 3714 Ἀρίσταρχος,ε
1122 3629 1153 3692 ί
1173 3625 1355 3710 ἐχεχραπτο

242 3733 355 3813 βοῶν
375 3724 660 3813 εὐποιητάων,
689 3732 750 3808 ἔξω
769 3735 830 3796 τοῦ
851 3754 892 3796 τε
887 3729 1166 3814 συνδίσμου,“
1152 3722 1198 3792 ια’
1221 3752 1242 3814 η
1230 3715 1356 3811 ῥινος

243 3834 346 3915 βοῶν.
374 3834 417 3897 Α.
455 3831 504 3921 [ἐν
527 3832 567 3897 δέ
586 3849 673 3897 τισιν
697 3823 841 3917 εὕρομεν
863 3833 995 3918 ῥινῶν
1018 3855 1058 3896 τε
1078 3833 1189 3916 βοῶν
1211 3852 1251 3893 τε
1273 3822 1355 3892 κατά

243 3927 278 3996 τό
309 3932 552 4017 πληθυντικόν.
576 3935 629 4024 Α.]

328 4036 401 4098 638.
422 4028 633 4119 Ἀρίσταρχος
655 4031 738 4101 κατά
758 4032 913 4121 δοτικήν,
935 4030 1180 4118 Σαρπηδόνι
1202 4034 1283 4119 δίῳ.
1313 4030 1355 4094 Α.

326 4137 398 4200 648.
423 4135 460 4201 ἐκ
484 4134 633 4221 πλήρους
652 4135 721 4202 καὶ
745 4148 887 4202 κεῖνον
907 4138 944 4201 αί
959 4131 1188 4219 Ἀριστάρχου.
1208 4135 1250 4198 A.

326 4241 398 4303 668.
433 4231 541 4312 οὕτως
571 4231 780 4322 Ἀρίσταρχος
812 4234 1062 4322 Σαρπηδόνι
1096 4231 1179 4301 κατά
1207 4229 1355 4315 δοτικήν.

243 4335 441 4422 Σαρπηδόνι
466 4336 620 4420 κάθηρον
643 4334 679 4402 τό
704 4331 794 4423 αἷμα.
826 4336 953 4424 μήποτε
976 4334 1014 4404 δὲ
1031 4337 1222 4422 Ζηνόδοτος
1242 4329 1357 4418 ὀρθῶς
