2962 5024
251 413 313 473 252

251 574 271 664 ἡ
300 575 396 656 πόλις
419 573 455 644 τό
477 578 646 662 Λέπρεον,
679 572 698 673 6
727 575 763 643 δὲ
784 573 968 661 ἀρσενικῶς
996 574 1109 644 εἶπεν.
1144 580 1196 645 Cf.
1220 582 1260 647 Ε.
1284 582 1367 647 Cur·

250 685 316 747 tius
340 681 519 767 Peloponn.
541 680 576 744 II
598 702 630 766 p.
651 683 692 745 83
714 704 763 767 sq.
786 703 818 767 p.
846 684 904 745 117
927 706 960 746 n.
980 683 1031 746 85.

781 852 831 915 23.

336 972 509 1044 ληνοῖς
529 976 617 1044 σοῖς
636 967 816 1051 ἐλέγοις·
839 1007 881 1017 -
902 968 1091 1051 Δίδυμος
1112 969 1151 1033 δέ
1170 986 1286 1053 φησιν,
1310 966 1365 1037 ὅτι

249 1072 284 1136 οί
302 1067 386 1153 πρὸς
409 1066 516 1136 αύλόν
538 1063 697 1155 ᾀδόμενοι
718 1071 855 1152 θρῆνοι.
886 1063 947 1133 τόν
973 1063 1037 1154 γάρ
1066 1065 1172 1136 αύλδν
1193 1070 1366 1157 πένθιμον

250 1168 470 1256 ὑπειλῆφθαι.
516 1171 568 1236 cf.
594 1173 690 1236 huius
711 1171 819 1256 operis
841 1170 898 1235 lib.
923 1169 973 1234 IV
995 1193 1066 1257 cap.
1090 1175 1109 1235 9
1133 1172 1173 1237 fr.
1199 1177 1227 1236 1.

780 1342 832 1403 24.

336 1462 398 1525 302
415 1461 518 1546 (303).
541 1454 660 1535 ὅστις
682 1455 769 1522 ἐστὶ
790 1453 987 1539 κηρύλος·
1009 1451 1255 1543 Εὐφρόνιός
1278 1481 1365 1546 φησι

249 1558 330 1639 τούς
351 1568 496 1644 Δωριεῖς
517 1559 645 1643 λέγειν·
669 1558 750 1643 βάλε
771 1553 813 1640 δὴ
836 1555 918 1642 βάλε
940 1557 1086 1641 κηρύλος
1109 1566 1193 1643 είην.
1224 1557 1304 1641 τούς
1325 1561 1364 1629 δὲ

245 1659 415 1740 Ἀττικούς
447 1665 615 1745 κείρυλον.
665 1661 749 1744 φησὶ
782 1658 819 1724 δὲ
841 1661 1035 1746 Δίδυμος
1076 1657 1114 1726 τὸ
1144 1659 1227 1726 κατὰ
1255 1661 1366 1745 φύσιν

249 1760 357 1849 ὄνομα
379 1767 535 1844 κείρυλος
556 1763 724 1845 λέγεσθαι.
765 1756 1003 1843 Ἀντίγονος
1027 1763 1067 1829 δέ
1092 1781 1175 1847 φησι
1196 1762 1276 1841 τοὺς
1299 1762 1364 1847 άρ-

248 1882 348 1941 σενας
369 1869 437 1929 τῶν
458 1859 637 1929 ἀλκυόνων
659 1859 829 1947 κηρύλους
851 1862 1026 1948 λέγεσθαι,
1048 1858 1109 1942 οδς
1130 1863 1364 1950 γηράσκοντας

248 1967 284 2031 αί
294 1962 429 2048 θήλειαι
452 1960 652 2050 βαστάζουσι
670 1976 739 2044 τοῖς
760 1979 903 2051 πτεροῖς.
932 1964 1059 2052 μήποτε
1075 1962 1166 2048 παρά
1178 1965 1215 2030 τό
1235 1972 1362 2051 κείρειν

249 2062 476 2150 ἐσχημάτικεν.
507 2059 525 2129 6
550 2064 586 2130 δὲ
607 2070 797 2149 Σποργίλος
817 2058 860 2151 ἦν
882 2064 1037 2151 κουρεύς.
1070 2065 1276 2152 μνημονεύει
1298 2065 1363 2134 αύ-

249 2171 310 2233 ιού
332 2164 478 2234 Πλάτων
498 2164 536 2231 ἐν
554 2173 756 2249 Σοφισταῖς·
811 2182 812 2188 ’

376 2265 413 2334 τό
438 2272 634 2351 Σποργίλου
656 2279 814 2352 κουρεῖον
835 2271 994 2353 ἔχθιστον
1015 2271 1120 2354 τέγος.

246 2376 348 2438 τοῦτο
378 2361 442 2437 οὖν
467 2373 551 2435 ἔστω
578 2380 719 2453 σημεῖον
743 2375 805 2437 τού
833 2371 888 2436 καὶ
914 2368 975 2439 τὸν
998 2369 1148 2456 κηρύλον
1170 2377 1250 2450 ίσως
1271 2370 1362 2454 παρὰ

248 2470 285 2541 τό
317 2478 443 2558 κείρειν
470 2467 758 2556 ήιυμολογηκέυαι
783 2470 845 2539 τόν
869 2470 1099 2557 Ἀριστοφάνη.
1144 2474 1290 2561 Egregie
1319 2477 1360 2542 de

247 2577 279 2642 h.
303 2578 325 2641 Ι.
345 2576 491 2662 disputat
511 2573 551 2638 E.
577 2574 617 2638 de
639 2574 793 2640 Leutsoh.
814 2576 848 2639 in
864 2575 981 2641 Philol.
996 2577 1031 2640 ΙΙ
1041 2599 1073 2662 p.
1090 2579 1213 2640 19-33
1223 2587 1302 2641 sect.
1319 2578 1359 2641 V.

249 2680 403 2745 Ceterum
423 2679 457 2741 in
478 2675 600 2740 scholio
619 2677 777 2742 nonnulla
798 2676 929 2741 turbata
951 2686 1036 2742 sunt.
1080 2677 1250 2742 Alemanis
1273 2678 1360 2763 fmg-

247 2789 391 2845 mentum
406 2780 493 2844 enim
504 2777 592 2864 apud
605 2779 808 2863 Antigonum
821 2779 1009 2865 Carystium
1022 2779 1182 2861 exstabat,
1195 2800 1259 2843 non
1272 2780 1361 2865 apud

247 2882 485 2969 Euphronium,
508 2880 595 2968 quod
617 2904 691 2945 cum
713 2903 755 2945 ex
768 2880 888 2944 Tzetze
900 2879 943 2944 ad
954 2879 1035 2966 Lye.
1049 2883 1110 2944 387
1133 2890 1202 2944 tum
1223 2902 1266 2944 ex
1287 2882 1359 2967 ipso

246 2984 413 3067 Antigono
433 2982 582 3069 patescit.
611 2982 769 3046 Rescribo
792 2983 893 3066 igitur
915 2976 1160 3064 Εύφρόνιός
1177 2999 1260 3065 φησι
1279 2978 1360 3059 τούς

249 3089 394 3165 Δωριεῖς
415 3080 525 3164 λέγειν
549 3081 710 3166 κηρύλον,
734 3078 814 3159 τούς
835 3081 872 3148 δὲ
886 3077 1054 3161 Ἀττικούς
1077 3087 1246 3165 κείρυλον.
1272 3078 1360 3150 Ἀυ-

248 3187 417 3266 ιίγονος
440 3182 479 3248 δέ
499 3201 582 3267 φησι
603 3180 682 3261 τούς
705 3178 849 3266 άρσενας
864 3220 907 3232 -
921 3196 990 3262 τοῖς
1009 3197 1142 3264 πτεροῖς
1154 3234 1273 3252 ......
1298 3186 1359 3273 (la-

247 3284 345 3370 cuna)
374 3280 455 3368 βάλε
477 3279 518 3368 δι)
541 3281 622 3369 βάλε
648 3280 794 3367 κηρύλος
815 3290 897 3368 είηυ.
937 3283 1019 3367 φησὶ
1042 3285 1078 3349 δὲ
1098 3288 1293 3370 Δίδυμος
1319 3284 1358 3350 τὸ

248 3380 330 3450 κατά
354 3381 460 3469 φύσιν
483 3380 592 3469 ὄνομα
612 3391 766 3467 κείρυλος
786 3386 954 3469 λέγεσθαι.
977 3383 1104 3469 μήποτε
1127 3386 1192 3452 κτὲ.
1224 3388 1359 3452 Ι)ε1)ἰ-

246 3487 336 3574 dymi
358 3488 521 3574 scriptura
542 3490 696 3570 κείρυλος
717 3489 785 3554 vid.
809 3489 925 3554 Lehrs.
945 3489 1048 3554 Arist.
1071 3513 1103 3576 p.
1128 3494 1200 3555 341.

775 3645 826 3706 25.

330 3760 391 3822 307
405 3760 509 3844 (305).
533 3763 757 3845 πορφυρίς·
779 3755 800 3843 ἡ
823 3759 991 3843 πορφυρὶς
1006 3755 1263 3843 ἀναγέγραπται,
1279 3784 1359 3842 κερ-

246 3856 318 3940 χνὶς
340 3859 376 3923 δὲ
399 3855 459 3944 ού,
491 3856 573 3926 άλλά
593 3860 723 3945 κέρχυη.
760 3860 815 3926 καὶ
838 3855 858 3945 ἡ
882 3862 1043 3947 κολυμβίς
1066 3862 1104 3927 δὲ
1127 3864 1280 3945 φαίνεται
1303 3860 1359 3925 καὶ

246 3952 435 4042 ἡάμπελίς.
480 3964 669 4047 Δίδυμος
690 3959 726 4027 δὲ
744 3958 866 4046 μικρὸν
889 3961 1004 4045 ίέρακά
1025 3983 1140 4048 φησιν.

774 4132 826 4195 26.

329 4246 402 4309 439.
446 4240 577 4328 ἥνπερ
615 4239 633 4310 6
673 4249 935 4335 πίθηκοςτῷ
965 4248 1139 4329 γυναικὶ
1170 4247 1356 4314 διέθετο·

245 4339 488 4428 Σύμμαχος·
517 4350 709 4413 Αἰσωπείου
730 4345 835 4431 λόγου
856 4342 877 4431 ἢ
897 4345 1054 4414 τοιούτου
1071 4348 1163 4426 τινὸς
1183 4351 1271 4414 ἔοικε
1294 4372 1356 4434 με-
