<?xml version="1.0" encoding="UTF-8"?>
<!DOCTYPE html PUBLIC "-//W3C//DTD XHTML 1.0 Transitional//EN"
    "http://www.w3.org/TR/xhtml1/DTD/xhtml1-transitional.dtd">
<html xmlns="http://www.w3.org/1999/xhtml" xml:lang="en" lang="en">
 <head>
  <title>
</title>
<meta http-equiv="Content-Type" content="text/html;charset=utf-8" />
  <meta name='ocr-system' content='tesseract 3.04.00' />
  <meta name='ocr-capabilities' content='ocr_page ocr_carea ocr_par ocr_line ocrx_word'/>
</head>
<body>
  <div class='ocr_page' id='page_1' title='image "./didymichalcente00schmgoog_0354.png"; bbox 0 0 2962 5018; ppageno 0'>
   <div class='ocr_carea' id='block_1_1' title="bbox 324 1277 1043 1573">
    <p class='ocr_par' dir='ltr' id='par_1_1' title="bbox 324 1277 1043 1573">
     <span class='ocr_line' id='line_1_1' title="bbox 653 1277 716 1370; baseline 0.016 -1"><span class='ocrx_word' id='word_1_1' title='bbox 653 1277 716 1370; x_wconf 84' lang='grc' dir='ltr'><strong>ΙΙΙ.</strong></span> 
     </span>
     <span class='ocr_line' id='line_1_2' title="bbox 324 1463 1043 1573; baseline -0.006 -24"><span class='ocrx_word' id='word_1_2' title='bbox 324 1464 616 1573; x_wconf 80' lang='lat' dir='ltr'>OPUSOULA</span> <span class='ocrx_word' id='word_1_3' title='bbox 653 1463 1043 1548; x_wconf 78' lang='lat' dir='ltr'><strong>GRAMMATIOA.</strong></span> 
     </span>
    </p>
   </div>
   <div class='ocr_carea' id='block_1_2' title="bbox 471 1698 900 1932">
    <p class='ocr_par' dir='ltr' id='par_1_2' title="bbox 471 1698 900 1932">
     <span class='ocr_line' id='line_1_3' title="bbox 666 1698 700 1778; baseline -0.029 0"><span class='ocrx_word' id='word_1_4' title='bbox 666 1698 700 1778; x_wconf 83' lang='lat' dir='ltr'><strong>i.</strong></span> 
     </span>
     <span class='ocr_line' id='line_1_4' title="bbox 471 1841 900 1932; baseline -0.002 -19"><span class='ocrx_word' id='word_1_5' title='bbox 471 1846 573 1932; x_wconf 80' lang='grc' dir='ltr'>Περὶ</span> <span class='ocrx_word' id='word_1_6' title='bbox 595 1841 900 1930; x_wconf 79' lang='grc' dir='ltr'><strong><em>ὀρθογραφίσις.</em></strong></span> 
     </span>
    </p>
   </div>
   <div class='ocr_carea' id='block_1_3' title="bbox 126 2000 1317 4020">
    <p class='ocr_par' dir='ltr' id='par_1_3' title="bbox 126 2000 1317 4020">
     <span class='ocr_line' id='line_1_5' title="bbox 213 2000 1241 2089; baseline -0.005 -19"><span class='ocrx_word' id='word_1_7' title='bbox 213 2004 332 2069; x_wconf 81' lang='lat' dir='ltr'><strong>Suidas</strong></span> <span class='ocrx_word' id='word_1_8' title='bbox 355 2001 421 2068; x_wconf 91' lang='lat' dir='ltr'><strong>vol.</strong></span> <span class='ocrx_word' id='word_1_9' title='bbox 444 2002 461 2066; x_wconf 95' lang='lat' dir='ltr'>I</span> <span class='ocrx_word' id='word_1_10' title='bbox 489 2006 503 2064; x_wconf 89' lang='lat'>1</span> <span class='ocrx_word' id='word_1_11' title='bbox 526 2025 559 2089; x_wconf 85' lang='lat' dir='ltr'><strong>p.</strong></span> <span class='ocrx_word' id='word_1_12' title='bbox 579 2003 658 2065; x_wconf 81' lang='lat'><strong>1330</strong></span> <span class='ocrx_word' id='word_1_13' title='bbox 682 2001 733 2065; x_wconf 88' lang='lat' dir='ltr'><strong>ed.</strong></span> <span class='ocrx_word' id='word_1_14' title='bbox 756 2000 878 2066; x_wconf 86' lang='lat' dir='ltr'><strong>Bernh.</strong></span> <span class='ocrx_word' id='word_1_15' title='bbox 901 2000 982 2066; x_wconf 82' lang='lat' dir='ltr'><strong>haec</strong></span> <span class='ocrx_word' id='word_1_16' title='bbox 1015 2001 1149 2066; x_wconf 79' lang='lat' dir='ltr'><strong>tradens</strong></span> <span class='ocrx_word' id='word_1_17' title='bbox 1176 2003 1241 2067; x_wconf 82' lang='grc' dir='ltr'><strong>Δι’·</strong></span> 
     </span>
     <span class='ocr_line' id='line_1_6' title="bbox 127 2095 1242 2192; baseline -0.006 -19"><span class='ocrx_word' id='word_1_18' title='bbox 127 2100 272 2192; x_wconf 81' lang='grc' dir='ltr'><strong><em>δνμσςὸ</em></strong></span> <span class='ocrx_word' id='word_1_19' title='bbox 297 2106 388 2189; x_wconf 77' lang='grc' dir='ltr'><strong><em>νέος,</em></strong></span> <span class='ocrx_word' id='word_1_20' title='bbox 408 2099 655 2187; x_wconf 75' lang='grc' dir='ltr'><strong>Ἀλεξανδρεύς,</strong></span> <span class='ocrx_word' id='word_1_21' title='bbox 678 2101 916 2188; x_wconf 77' lang='grc' dir='ltr'><strong><em>γραμματικός,</em></strong></span> <span class='ocrx_word' id='word_1_22' title='bbox 942 2095 980 2182; x_wconf 72' lang='grc' dir='ltr'><strong>ὃς</strong></span> <span class='ocrx_word' id='word_1_23' title='bbox 1002 2104 1242 2189; x_wconf 81' lang='grc' dir='ltr'><strong><em>ἐσοφίσσευσεν</em></strong></span> 
     </span>
     <span class='ocr_line' id='line_1_7' title="bbox 127 2200 1243 2295; baseline 0.001 -22"><span class='ocrx_word' id='word_1_24' title='bbox 127 2208 165 2273; x_wconf 84' lang='grc' dir='ltr'><strong>ἐν</strong></span> <span class='ocrx_word' id='word_1_25' title='bbox 187 2203 306 2295; x_wconf 73' lang='grc' dir='ltr'><strong><em>Ῥώμῃ.</em></strong></span> <span class='ocrx_word' id='word_1_26' title='bbox 352 2210 478 2292; x_wconf 70' lang='grc' dir='ltr'><strong><em>ἔγραψε</em></strong></span> <span class='ocrx_word' id='word_1_27' title='bbox 508 2202 655 2291; x_wconf 73' lang='grc' dir='ltr'><strong><em>πιθανά,</em></strong></span> <span class='ocrx_word' id='word_1_28' title='bbox 689 2206 767 2290; x_wconf 80' lang='grc' dir='ltr'><strong>περὶ</strong></span> <span class='ocrx_word' id='word_1_29' title='bbox 796 2200 1032 2291; x_wconf 79' lang='grc' dir='ltr'><strong><em>ὀρθογραφίας</em></strong></span> <span class='ocrx_word' id='word_1_30' title='bbox 1068 2207 1125 2273; x_wconf 74' lang='lat' dir='ltr'><strong>xci</strong></span> <span class='ocrx_word' id='word_1_31' title='bbox 1157 2201 1243 2274; x_wconf 80' lang='grc' dir='ltr'><strong><em>ἄλλα</em></strong></span> 
     </span>
     <span class='ocr_line' id='line_1_8' title="bbox 128 2306 1241 2396; baseline 0 -21"><span class='ocrx_word' id='word_1_32' title='bbox 128 2314 264 2391; x_wconf 60' lang='lat' dir='ltr'><strong>cirtem</strong></span> <span class='ocrx_word' id='word_1_33' title='bbox 287 2306 483 2393; x_wconf 69' lang='lat' dir='ltr'><strong>calviorem</strong></span> <span class='ocrx_word' id='word_1_34' title='bbox 504 2312 731 2396; x_wconf 78' lang='lat' dir='ltr'><strong>nescioquem</strong></span> <span class='ocrx_word' id='word_1_35' title='bbox 753 2309 934 2396; x_wconf 86' lang='lat' dir='ltr'>Didymum</span> <span class='ocrx_word' id='word_1_36' title='bbox 955 2310 1116 2374; x_wconf 87' lang='lat' dir='ltr'><strong>iuniorem</strong></span> <span class='ocrx_word' id='word_1_37' title='bbox 1137 2311 1172 2374; x_wconf 91' lang='lat' dir='ltr'><strong>in</strong></span> <span class='ocrx_word' id='word_1_38' title='bbox 1194 2320 1241 2375; x_wconf 77' lang='lat' dir='ltr'><strong>ta·</strong></span> 
     </span>
     <span class='ocr_line' id='line_1_9' title="bbox 127 2410 1241 2498; baseline 0 -22"><span class='ocrx_word' id='word_1_39' title='bbox 127 2410 224 2476; x_wconf 84' lang='lat' dir='ltr'><strong>bulas</strong></span> <span class='ocrx_word' id='word_1_40' title='bbox 252 2413 535 2497; x_wconf 83' lang='lat' dir='ltr'>grammaticorum</span> <span class='ocrx_word' id='word_1_41' title='bbox 564 2410 692 2494; x_wconf 86' lang='lat' dir='ltr'><strong>retulit,</strong></span> <span class='ocrx_word' id='word_1_42' title='bbox 721 2413 777 2497; x_wconf 90' lang='lat' dir='ltr'><strong>qui</strong></span> <span class='ocrx_word' id='word_1_43' title='bbox 798 2433 916 2476; x_wconf 82' lang='lat' dir='ltr'><strong>vereor</strong></span> <span class='ocrx_word' id='word_1_44' title='bbox 944 2432 1171 2498; x_wconf 76' lang='lat' dir='ltr'><strong>nonunquam</strong></span> <span class='ocrx_word' id='word_1_45' title='bbox 1193 2415 1241 2477; x_wconf 87' lang='lat' dir='ltr'><strong>vi·</strong></span> 
     </span>
     <span class='ocr_line' id='line_1_10' title="bbox 127 2510 1239 2598; baseline 0.001 -21"><span class='ocrx_word' id='word_1_46' title='bbox 127 2514 223 2577; x_wconf 82' lang='lat' dir='ltr'><strong>xerit.</strong></span> <span class='ocrx_word' id='word_1_47' title='bbox 269 2512 315 2577; x_wconf 88' lang='lat' dir='ltr'><strong>Ut</strong></span> <span class='ocrx_word' id='word_1_48' title='bbox 336 2514 423 2576; x_wconf 89' lang='lat' dir='ltr'><strong>enim</strong></span> <span class='ocrx_word' id='word_1_49' title='bbox 454 2511 589 2576; x_wconf 85' lang='lat' dir='ltr'><strong>editoris</strong></span> <span class='ocrx_word' id='word_1_50' title='bbox 612 2510 767 2576; x_wconf 80' lang='lat' dir='ltr'><strong>Halensie</strong></span> <span class='ocrx_word' id='word_1_51' title='bbox 789 2510 892 2577; x_wconf 84' lang='lat' dir='ltr'><strong>verba</strong></span> <span class='ocrx_word' id='word_1_52' title='bbox 913 2533 986 2576; x_wconf 82' lang='lat' dir='ltr'><strong>mea</strong></span> <span class='ocrx_word' id='word_1_53' title='bbox 1006 2512 1141 2595; x_wconf 80' lang='lat' dir='ltr'><strong>faciam,</strong></span> <span class='ocrx_word' id='word_1_54' title='bbox 1165 2515 1239 2598; x_wconf 77' lang='lat' dir='ltr'>quis</span> 
     </span>
     <span class='ocr_line' id='line_1_11' title="bbox 128 2607 1240 2695; baseline 0 -15"><span class='ocrx_word' id='word_1_55' title='bbox 128 2615 255 2680; x_wconf 86' lang='lat' dir='ltr'><strong>dubitet</strong></span> <span class='ocrx_word' id='word_1_56' title='bbox 281 2610 366 2680; x_wconf 77' lang='grc' dir='ltr'><em>ἄλλα</em></span> <span class='ocrx_word' id='word_1_57' title='bbox 391 2619 528 2679; x_wconf 76' lang='grc' dir='ltr'><strong><em>πλεῖστα</em></strong></span> <span class='ocrx_word' id='word_1_58' title='bbox 557 2612 613 2678; x_wconf 78' lang='grc' dir='ltr'><strong>καὶ</strong></span> <span class='ocrx_word' id='word_1_59' title='bbox 639 2607 759 2695; x_wconf 77' lang='grc' dir='ltr'><strong><em>ἄριστα</em></strong></span> <span class='ocrx_word' id='word_1_60' title='bbox 782 2612 993 2679; x_wconf 78' lang='lat' dir='ltr'><strong>Aristarcheo</strong></span> <span class='ocrx_word' id='word_1_61' title='bbox 1014 2613 1240 2680; x_wconf 80' lang='lat' dir='ltr'><strong>laudatissimo</strong></span> 
     </span>
     <span class='ocr_line' id='line_1_12' title="bbox 127 2707 1240 2802; baseline 0.001 -22"><span class='ocrx_word' id='word_1_62' title='bbox 127 2717 321 2781; x_wconf 80' lang='lat' dir='ltr'><strong>vindicare?</strong></span> <span class='ocrx_word' id='word_1_63' title='bbox 364 2717 504 2780; x_wconf 79' lang='lat' dir='ltr'><strong>Accedit</strong></span> <span class='ocrx_word' id='word_1_64' title='bbox 526 2714 614 2802; x_wconf 85' lang='lat' dir='ltr'>quod</span> <span class='ocrx_word' id='word_1_65' title='bbox 628 2712 776 2778; x_wconf 82' lang='lat' dir='ltr'><strong>Eudccia</strong></span> <span class='ocrx_word' id='word_1_66' title='bbox 797 2715 902 2779; x_wconf 81' lang='lat' dir='ltr'><strong>nescit</strong></span> <span class='ocrx_word' id='word_1_67' title='bbox 922 2707 1006 2779; x_wconf 78' lang='grc' dir='ltr'><em>ἄλλα</em></span> <span class='ocrx_word' id='word_1_68' title='bbox 1027 2720 1164 2781; x_wconf 77' lang='grc' dir='ltr'><strong><em>πλεῖστα</em></strong></span> <span class='ocrx_word' id='word_1_69' title='bbox 1184 2716 1240 2781; x_wconf 75' lang='grc' dir='ltr'><strong>καὶ</strong></span> 
     </span>
     <span class='ocr_line' id='line_1_13' title="bbox 127 2811 1241 2905; baseline 0 -23"><span class='ocrx_word' id='word_1_70' title='bbox 127 2811 256 2900; x_wconf 77' lang='grc' dir='ltr'><strong><em>ἄριστα.</em></strong></span> <span class='ocrx_word' id='word_1_71' title='bbox 301 2818 432 2884; x_wconf 85' lang='lat' dir='ltr'><strong>Deinde</strong></span> <span class='ocrx_word' id='word_1_72' title='bbox 456 2812 587 2883; x_wconf 80' lang='grc' dir='ltr'><strong><em>πιθανά</em></strong></span> <span class='ocrx_word' id='word_1_73' title='bbox 614 2838 680 2881; x_wconf 92' lang='lat' dir='ltr'><strong>non</strong></span> <span class='ocrx_word' id='word_1_74' title='bbox 703 2815 858 2901; x_wconf 80' lang='lat' dir='ltr'>ignobilis</span> <span class='ocrx_word' id='word_1_75' title='bbox 881 2817 1050 2902; x_wconf 83' lang='lat' dir='ltr'><strong>cuiusdam</strong></span> <span class='ocrx_word' id='word_1_76' title='bbox 1070 2818 1241 2905; x_wconf 84' lang='lat' dir='ltr'><strong>ignotique</strong></span> 
     </span>
     <span class='ocr_line' id='line_1_14' title="bbox 127 2917 1317 3012; baseline 0.001 -29"><span class='ocrx_word' id='word_1_77' title='bbox 127 2917 269 2984; x_wconf 76' lang='lat' dir='ltr'>hominis</span> <span class='ocrx_word' id='word_1_78' title='bbox 288 2919 402 3003; x_wconf 78' lang='lat' dir='ltr'><strong>fuisse,</strong></span> <span class='ocrx_word' id='word_1_79' title='bbox 423 2918 482 2986; x_wconf 83' lang='lat' dir='ltr'><strong>sed</strong></span> <span class='ocrx_word' id='word_1_80' title='bbox 500 2918 686 2985; x_wconf 81' lang='lat' dir='ltr'>illustrioris</span> <span class='ocrx_word' id='word_1_81' title='bbox 707 2919 911 3003; x_wconf 84' lang='lat' dir='ltr'><strong>grammatici</strong></span> <span class='ocrx_word' id='word_1_82' title='bbox 925 2919 1023 2984; x_wconf 90' lang='lat' dir='ltr'><strong>fidem</strong></span> <span class='ocrx_word' id='word_1_83' title='bbox 1042 2919 1131 3002; x_wconf 80' lang='lat' dir='ltr'><strong>facit,</strong></span> <span class='ocrx_word' id='word_1_84' title='bbox 1153 2920 1240 3007; x_wconf 89' lang='lat' dir='ltr'>quod</span> <span class='ocrx_word' id='word_1_85' title='bbox 1313 3003 1317 3012; x_wconf 32' lang='lat'><strong>·</strong></span> 
     </span>
     <span class='ocr_line' id='line_1_15' title="bbox 127 3019 1238 3109; baseline 0.002 -26"><span class='ocrx_word' id='word_1_86' title='bbox 127 3021 213 3084; x_wconf 87' lang='lat' dir='ltr'>inter</span> <span class='ocrx_word' id='word_1_87' title='bbox 236 3019 405 3107; x_wconf 88' lang='lat' dir='ltr'>Apollonii</span> <span class='ocrx_word' id='word_1_88' title='bbox 431 3019 570 3108; x_wconf 82' lang='lat' dir='ltr'><strong>Dyscoli</strong></span> <span class='ocrx_word' id='word_1_89' title='bbox 594 3042 694 3107; x_wconf 84' lang='lat' dir='ltr'><strong>opera</strong></span> <span class='ocrx_word' id='word_1_90' title='bbox 722 3031 911 3107; x_wconf 81' lang='lat' dir='ltr'><strong>comparent</strong></span> <span class='ocrx_word' id='word_1_91' title='bbox 938 3043 990 3109; x_wconf 85' lang='lat' dir='ltr'><strong>ap.</strong></span> <span class='ocrx_word' id='word_1_92' title='bbox 1014 3019 1105 3086; x_wconf 84' lang='lat' dir='ltr'><strong>Suid.</strong></span> <span class='ocrx_word' id='word_1_93' title='bbox 1129 3021 1146 3085; x_wconf 90' lang='lat'><em>1</em></span> <span class='ocrx_word' id='word_1_94' title='bbox 1171 3026 1182 3084; x_wconf 87' lang='lat'>1</span> <span class='ocrx_word' id='word_1_95' title='bbox 1206 3044 1238 3108; x_wconf 93' lang='lat' dir='ltr'><strong>p.</strong></span> 
     </span>
     <span class='ocr_line' id='line_1_16' title="bbox 129 3119 1239 3209; baseline 0.004 -26"><span class='ocrx_word' id='word_1_96' title='bbox 129 3122 190 3184; x_wconf 78' lang='lat'><strong>627</strong></span> <span class='ocrx_word' id='word_1_97' title='bbox 214 3120 290 3204; x_wconf 76' lang='grc' dir='ltr'><strong>περὶ</strong></span> <span class='ocrx_word' id='word_1_98' title='bbox 312 3124 381 3185; x_wconf 76' lang='grc' dir='ltr'><strong>τῶν</strong></span> <span class='ocrx_word' id='word_1_99' title='bbox 402 3124 560 3187; x_wconf 77' lang='grc' dir='ltr'><strong><em>πιθανῶν</em></strong></span> <span class='ocrx_word' id='word_1_100' title='bbox 575 3119 745 3206; x_wconf 74' lang='grc' dir='ltr'><strong><em>Διδύμου,</em></strong></span> <span class='ocrx_word' id='word_1_101' title='bbox 767 3122 853 3209; x_wconf 89' lang='lat' dir='ltr'>quod</span> <span class='ocrx_word' id='word_1_102' title='bbox 873 3122 1122 3209; x_wconf 74' lang='lat' dir='ltr'>Bernhardyum</span> <span class='ocrx_word' id='word_1_103' title='bbox 1144 3122 1239 3209; x_wconf 71' lang='lat' dir='ltr'>fugit,</span> 
     </span>
     <span class='ocr_line' id='line_1_17' title="bbox 129 3222 1239 3312; baseline 0.004 -26"><span class='ocrx_word' id='word_1_104' title='bbox 129 3243 203 3287; x_wconf 87' lang='lat' dir='ltr'><strong>cum</strong></span> <span class='ocrx_word' id='word_1_105' title='bbox 231 3222 362 3288; x_wconf 80' lang='grc' dir='ltr'><strong><em>πιθανά</em></strong></span> <span class='ocrx_word' id='word_1_106' title='bbox 383 3222 569 3312; x_wconf 80' lang='lat' dir='ltr'>philosophi</span> <span class='ocrx_word' id='word_1_107' title='bbox 597 3246 670 3289; x_wconf 78' lang='lat' dir='ltr'><strong>esse</strong></span> <span class='ocrx_word' id='word_1_108' title='bbox 689 3231 835 3291; x_wconf 90' lang='lat' dir='ltr'><strong>moneret</strong></span> <span class='ocrx_word' id='word_1_109' title='bbox 856 3223 995 3310; x_wconf 88' lang='lat' dir='ltr'>Didymi</span> <span class='ocrx_word' id='word_1_110' title='bbox 1013 3224 1094 3289; x_wconf 89' lang='lat' dir='ltr'><strong>Arei</strong></span> <span class='ocrx_word' id='word_1_111' title='bbox 1103 3225 1144 3311; x_wconf 86' lang='lat'><strong>¹),</strong></span> <span class='ocrx_word' id='word_1_112' title='bbox 1172 3247 1239 3290; x_wconf 87' lang='lat' dir='ltr'><strong>non</strong></span> 
     </span>
     <span class='ocr_line' id='line_1_18' title="bbox 127 3323 1237 3413; baseline 0.005 -26"><span class='ocrx_word' id='word_1_113' title='bbox 127 3325 204 3388; x_wconf 85' lang='lat' dir='ltr'><strong>item</strong></span> <span class='ocrx_word' id='word_1_114' title='bbox 232 3323 319 3409; x_wconf 84' lang='lat' dir='ltr'><strong>fugit</strong></span> <span class='ocrx_word' id='word_1_115' title='bbox 343 3324 488 3390; x_wconf 82' lang='lat' dir='ltr'><strong>Fabricii</strong></span> <span class='ocrx_word' id='word_1_116' title='bbox 517 3327 621 3391; x_wconf 82' lang='lat' dir='ltr'><strong>aciem</strong></span> <span class='ocrx_word' id='word_1_117' title='bbox 652 3326 724 3392; x_wconf 84' lang='lat' dir='ltr'><strong>BG.</strong></span> <span class='ocrx_word' id='word_1_118' title='bbox 752 3325 786 3389; x_wconf 93' lang='lat' dir='ltr'><strong>II</strong></span> <span class='ocrx_word' id='word_1_119' title='bbox 812 3328 831 3389; x_wconf 88' lang='lat'><strong>3</strong></span> <span class='ocrx_word' id='word_1_120' title='bbox 858 3329 890 3406; x_wconf 55' lang='grc' dir='ltr'><strong>ᾖ.</strong></span> <span class='ocrx_word' id='word_1_121' title='bbox 918 3327 937 3388; x_wconf 80' lang='lat'>2</span> <span class='ocrx_word' id='word_1_122' title='bbox 961 3325 1028 3391; x_wconf 86' lang='lat' dir='ltr'><strong>vol.</strong></span> <span class='ocrx_word' id='word_1_123' title='bbox 1053 3325 1081 3391; x_wconf 90' lang='grc' dir='ltr'><strong>Ι.</strong></span> <span class='ocrx_word' id='word_1_124' title='bbox 1109 3349 1141 3413; x_wconf 91' lang='lat' dir='ltr'><strong>p.</strong></span> <span class='ocrx_word' id='word_1_125' title='bbox 1165 3328 1237 3392; x_wconf 80' lang='lat'><strong>286.</strong></span> 
     </span>
     <span class='ocr_line' id='line_1_19' title="bbox 127 3425 1240 3514; baseline 0.002 -25"><span class='ocrx_word' id='word_1_126' title='bbox 127 3425 215 3491; x_wconf 90' lang='lat' dir='ltr'><strong>Hinc</strong></span> <span class='ocrx_word' id='word_1_127' title='bbox 237 3425 393 3510; x_wconf 84' lang='lat' dir='ltr'><strong>efficitur,</strong></span> <span class='ocrx_word' id='word_1_128' title='bbox 424 3435 461 3491; x_wconf 84' lang='lat' dir='ltr'><strong>ut</strong></span> <span class='ocrx_word' id='word_1_129' title='bbox 481 3427 674 3514; x_wconf 80' lang='lat' dir='ltr'>proscriptis</span> <span class='ocrx_word' id='word_1_130' title='bbox 699 3435 755 3493; x_wconf 84' lang='lat' dir='ltr'><strong>aut</strong></span> <span class='ocrx_word' id='word_1_131' title='bbox 776 3425 817 3491; x_wconf 84' lang='lat' dir='ltr'><strong>ab</strong></span> <span class='ocrx_word' id='word_1_132' title='bbox 839 3425 902 3492; x_wconf 90' lang='lat' dir='ltr'><strong>hoc</strong></span> <span class='ocrx_word' id='word_1_133' title='bbox 924 3425 995 3492; x_wconf 88' lang='lat' dir='ltr'><strong>loco</strong></span> <span class='ocrx_word' id='word_1_134' title='bbox 1013 3428 1145 3492; x_wconf 79' lang='lat' dir='ltr'>remotis</span> <span class='ocrx_word' id='word_1_135' title='bbox 1168 3449 1240 3491; x_wconf 87' lang='lat' dir='ltr'><strong>ver·</strong></span> 
     </span>
     <span class='ocr_line' id='line_1_20' title="bbox 126 3521 1239 3614; baseline 0.001 -23"><span class='ocrx_word' id='word_1_136' title='bbox 126 3526 194 3609; x_wconf 79' lang='lat' dir='ltr'><strong>bis,</strong></span> <span class='ocrx_word' id='word_1_137' title='bbox 231 3549 315 3614; x_wconf 81' lang='lat' dir='ltr'><strong>quae</strong></span> <span class='ocrx_word' id='word_1_138' title='bbox 337 3528 510 3593; x_wconf 83' lang='lat' dir='ltr'><strong>offensioni</strong></span> <span class='ocrx_word' id='word_1_139' title='bbox 541 3538 617 3593; x_wconf 80' lang='lat' dir='ltr'><strong>eunt</strong></span> <span class='ocrx_word' id='word_1_140' title='bbox 649 3530 803 3611; x_wconf 78' lang='grc' dir='ltr'><em>Δίδυμος</em></span> <span class='ocrx_word' id='word_1_141' title='bbox 830 3521 848 3592; x_wconf 87' lang='grc' dir='ltr'>ὁ</span> <span class='ocrx_word' id='word_1_142' title='bbox 878 3528 954 3605; x_wconf 77' lang='grc' dir='ltr'><strong><em>νέος</em></strong></span> <span class='ocrx_word' id='word_1_143' title='bbox 990 3521 1239 3611; x_wconf 72' lang='grc' dir='ltr'><strong>Ἀλεξανδρεύς,</strong></span> 
     </span>
     <span class='ocr_line' id='line_1_21' title="bbox 126 3622 1241 3721; baseline 0.002 -29"><span class='ocrx_word' id='word_1_144' title='bbox 126 3625 372 3711; x_wconf 80' lang='grc' dir='ltr'><strong><em>γραμματικός,</em></strong></span> <span class='ocrx_word' id='word_1_145' title='bbox 395 3639 574 3694; x_wconf 79' lang='lat' dir='ltr'><strong>statuamus</strong></span> <span class='ocrx_word' id='word_1_146' title='bbox 599 3652 683 3716; x_wconf 85' lang='lat' dir='ltr'><strong>quae</strong></span> <span class='ocrx_word' id='word_1_147' title='bbox 704 3629 906 3716; x_wconf 85' lang='lat' dir='ltr'><strong>praecedunt</strong></span> <span class='ocrx_word' id='word_1_148' title='bbox 926 3622 1013 3711; x_wconf 72' lang='grc' dir='ltr'><strong>ὑπὲρ</strong></span> <span class='ocrx_word' id='word_1_149' title='bbox 1037 3625 1077 3693; x_wconf 82' lang='grc' dir='ltr'><strong>τὰ</strong></span> <span class='ocrx_word' id='word_1_150' title='bbox 1099 3624 1165 3721; x_wconf 64' lang='lat' dir='ltr'><strong>,W</strong></span> <span class='ocrx_word' id='word_1_151' title='bbox 1186 3633 1241 3714; x_wconf 83' lang='grc' dir='ltr'><strong>βι·</strong></span> 
     </span>
     <span class='ocr_line' id='line_1_22' title="bbox 127 3725 1242 3816; baseline 0.003 -24"><span class='ocrx_word' id='word_1_152' title='bbox 127 3731 204 3812; x_wconf 83' lang='grc' dir='ltr'><strong><em>βλία</em></strong></span> <span class='ocrx_word' id='word_1_153' title='bbox 230 3730 414 3794; x_wconf 75' lang='lat' dir='ltr'><strong>arctissimo</strong></span> <span class='ocrx_word' id='word_1_154' title='bbox 442 3731 574 3795; x_wconf 87' lang='lat' dir='ltr'><strong>vinculo</strong></span> <span class='ocrx_word' id='word_1_155' title='bbox 601 3730 735 3816; x_wconf 81' lang='lat' dir='ltr'><strong>liganda</strong></span> <span class='ocrx_word' id='word_1_156' title='bbox 762 3752 835 3794; x_wconf 78' lang='lat' dir='ltr'><strong>esee</strong></span> <span class='ocrx_word' id='word_1_157' title='bbox 863 3751 936 3795; x_wconf 89' lang='lat' dir='ltr'><strong>cum</strong></span> <span class='ocrx_word' id='word_1_158' title='bbox 965 3730 1176 3816; x_wconf 83' lang='lat' dir='ltr'><strong>sequentibus</strong></span> <span class='ocrx_word' id='word_1_159' title='bbox 1204 3725 1242 3808; x_wconf 79' lang='grc' dir='ltr'><strong>ὃς</strong></span> 
     </span>
     <span class='ocr_line' id='line_1_23' title="bbox 127 3820 1241 3912; baseline 0.004 -21"><span class='ocrx_word' id='word_1_160' title='bbox 127 3825 368 3910; x_wconf 80' lang='grc' dir='ltr'><strong><em>ἐσοφίστενσεν</em></strong></span> <span class='ocrx_word' id='word_1_161' title='bbox 394 3824 432 3890; x_wconf 80' lang='grc' dir='ltr'><strong>ἐν</strong></span> <span class='ocrx_word' id='word_1_162' title='bbox 453 3820 576 3911; x_wconf 77' lang='grc' dir='ltr'><em>Ῥώμῃ,</em></span> <span class='ocrx_word' id='word_1_163' title='bbox 606 3828 730 3911; x_wconf 72' lang='grc' dir='ltr'><strong><em>ἔγραψε</em></strong></span> <span class='ocrx_word' id='word_1_164' title='bbox 759 3875 892 3890; x_wconf 89' lang='grc'><strong>.....</strong></span> <span class='ocrx_word' id='word_1_165' title='bbox 912 3827 1058 3912; x_wconf 77' lang='grc' dir='ltr'><strong><em>πιθανά,</em></strong></span> <span class='ocrx_word' id='word_1_166' title='bbox 1082 3829 1158 3909; x_wconf 76' lang='grc' dir='ltr'><strong>περὶ</strong></span> <span class='ocrx_word' id='word_1_167' title='bbox 1180 3823 1241 3909; x_wconf 78' lang='grc' dir='ltr'><strong>ὀσ-</strong></span> 
     </span>
     <span class='ocr_line' id='line_1_24' title="bbox 127 3925 1240 4020; baseline -0.001 -26"><span class='ocrx_word' id='word_1_168' title='bbox 127 3930 320 4011; x_wconf 76' lang='grc' dir='ltr'><strong><em>θογρνφίας</em></strong></span> <span class='ocrx_word' id='word_1_169' title='bbox 342 3925 430 4015; x_wconf 78' lang='grc' dir='ltr'><strong>[περὶ</strong></span> <span class='ocrx_word' id='word_1_170' title='bbox 452 3931 665 4013; x_wconf 79' lang='grc' dir='ltr'><strong><em>γεωγραφίας</em></strong></span> <span class='ocrx_word' id='word_1_171' title='bbox 686 3930 791 3995; x_wconf 78' lang='lat' dir='ltr'>Paris.</span> <span class='ocrx_word' id='word_1_172' title='bbox 821 3930 1024 4017; x_wconf 83' lang='lat' dir='ltr'><strong>Brequingy.</strong></span> <span class='ocrx_word' id='word_1_173' title='bbox 1051 3953 1083 4017; x_wconf 93' lang='lat' dir='ltr'><strong>p.</strong></span> <span class='ocrx_word' id='word_1_174' title='bbox 1104 3931 1155 4020; x_wconf 72' lang='lat'><strong>16]</strong></span> <span class='ocrx_word' id='word_1_175' title='bbox 1186 3931 1240 3995; x_wconf 79' lang='grc' dir='ltr'><strong>καὶ</strong></span> 
     </span>
    </p>
   </div>
   <div class='ocr_carea' id='block_1_4' title="bbox 124 4073 1242 4396">
    <p class='ocr_par' dir='ltr' id='par_1_4' title="bbox 124 4073 1242 4396">
     <span class='ocr_line' id='line_1_25' title="bbox 199 4073 1242 4152; baseline 0.002 -18"><span class='ocrx_word' id='word_1_176' title='bbox 199 4084 223 4150; x_wconf 89' lang='grc' dir='ltr'><strong>Ι)</strong></span> <span class='ocrx_word' id='word_1_177' title='bbox 242 4083 318 4136; x_wconf 76' lang='lat' dir='ltr'><strong>said.</strong></span> <span class='ocrx_word' id='word_1_178' title='bbox 333 4081 462 4149; x_wconf 75' lang='grc' dir='ltr'><em>Δίδυμος</em></span> <span class='ocrx_word' id='word_1_179' title='bbox 473 4073 575 4149; x_wconf 57' lang='lat' dir='ltr'><strong>uector</strong></span> <span class='ocrx_word' id='word_1_180' title='bbox 594 4084 646 4149; x_wconf 79' lang='lat' dir='ltr'><strong>(sic</strong></span> <span class='ocrx_word' id='word_1_181' title='bbox 661 4102 710 4151; x_wconf 84' lang='lat' dir='ltr'><strong>pro</strong></span> <span class='ocrx_word' id='word_1_182' title='bbox 722 4085 801 4138; x_wconf 83' lang='lat' dir='ltr'><strong>codd.</strong></span> <span class='ocrx_word' id='word_1_183' title='bbox 821 4086 957 4151; x_wconf 78' lang='lat' dir='ltr'><strong>scriptura</strong></span> <span class='ocrx_word' id='word_1_184' title='bbox 966 4076 1088 4150; x_wconf 75' lang='grc' dir='ltr'><strong><em>Ἀττήιος</em></strong></span> <span class='ocrx_word' id='word_1_185' title='bbox 1106 4075 1242 4152; x_wconf 70' lang='grc' dir='ltr'><strong><em>ἢἎστιος</em></strong></span> 
     </span>
     <span class='ocr_line' id='line_1_26' title="bbox 126 4165 1242 4239; baseline 0.001 -18"><span class='ocrx_word' id='word_1_186' title='bbox 126 4186 159 4220; x_wconf 81' lang='lat' dir='ltr'><strong>ex</strong></span> <span class='ocrx_word' id='word_1_187' title='bbox 176 4171 279 4222; x_wconf 79' lang='lat' dir='ltr'><strong>Euseb.</strong></span> <span class='ocrx_word' id='word_1_188' title='bbox 298 4173 331 4223; x_wconf 91' lang='lat' dir='ltr'><strong>P.</strong></span> <span class='ocrx_word' id='word_1_189' title='bbox 350 4173 383 4223; x_wconf 83' lang='lat' dir='ltr'><strong>E.</strong></span> <span class='ocrx_word' id='word_1_190' title='bbox 403 4173 453 4223; x_wconf 82' lang='lat' dir='ltr'><strong>XV</strong></span> <span class='ocrx_word' id='word_1_191' title='bbox 484 4174 517 4223; x_wconf 81' lang='lat'><strong>15</strong></span> <span class='ocrx_word' id='word_1_192' title='bbox 545 4173 701 4224; x_wconf 74' lang='lat' dir='ltr'><strong>rescribunt</strong></span> <span class='ocrx_word' id='word_1_193' title='bbox 723 4174 798 4225; x_wconf 71' lang='lat' dir='ltr'><strong>Iona.</strong></span> <span class='ocrx_word' id='word_1_194' title='bbox 822 4174 932 4225; x_wconf 78' lang='lat' dir='ltr'><strong>Reines.</strong></span> <span class='ocrx_word' id='word_1_195' title='bbox 950 4172 1063 4239; x_wconf 84' lang='lat' dir='ltr'><strong>Bernh.)</strong></span> <span class='ocrx_word' id='word_1_196' title='bbox 1082 4165 1242 4236; x_wconf 71' lang='grc' dir='ltr'><strong><em>φιλόσοφος</em></strong></span> 
     </span>
     <span class='ocr_line' id='line_1_27' title="bbox 124 4245 1241 4326; baseline 0.004 -23"><span class='ocrx_word' id='word_1_197' title='bbox 124 4245 338 4322; x_wconf 73' lang='grc' dir='ltr'><strong>Ἀκαδημαικός.</strong></span> <span class='ocrx_word' id='word_1_198' title='bbox 374 4255 543 4308; x_wconf 74' lang='grc' dir='ltr'><strong><em>πιθανῶν</em></strong></span> <span class='ocrx_word' id='word_1_199' title='bbox 566 4255 615 4309; x_wconf 72' lang='grc' dir='ltr'><strong>καὶ</strong></span> <span class='ocrx_word' id='word_1_200' title='bbox 642 4250 827 4324; x_wconf 73' lang='grc' dir='ltr'><strong><em>σοφισμάτων</em></strong></span> <span class='ocrx_word' id='word_1_201' title='bbox 851 4250 944 4316; x_wconf 72' lang='grc' dir='ltr'><strong><em>λύσεις</em></strong></span> <span class='ocrx_word' id='word_1_202' title='bbox 961 4247 992 4307; x_wconf 70' lang='grc' dir='ltr'><strong>ἐν</strong></span> <span class='ocrx_word' id='word_1_203' title='bbox 1012 4254 1130 4326; x_wconf 73' lang='grc' dir='ltr'><strong><em>βιβλίοις</em></strong></span> <span class='ocrx_word' id='word_1_204' title='bbox 1150 4250 1175 4326; x_wconf 61' lang='grc' dir='ltr'>β</span> <span class='ocrx_word' id='word_1_205' title='bbox 1193 4253 1241 4307; x_wconf 72' lang='grc' dir='ltr'><strong>καὶ</strong></span> 
     </span>
     <span class='ocr_line' id='line_1_28' title="bbox 127 4331 318 4396; baseline 0.021 -4"><span class='ocrx_word' id='word_1_206' title='bbox 127 4331 200 4392; x_wconf 72' lang='grc' dir='ltr'><strong>ἄλλα</strong></span> <span class='ocrx_word' id='word_1_207' title='bbox 218 4335 318 4396; x_wconf 72' lang='grc' dir='ltr'><strong>πολλοὶ.</strong></span> 
     </span>
    </p>
   </div>
   <div class='ocr_carea' id='block_1_5' title="bbox 0 0 1486 5018">
    <p class='ocr_par' dir='ltr' id='par_1_5' title="bbox 0 0 1486 5018">
     <span class='ocr_line' id='line_1_29' title="bbox 0 0 1486 5018; baseline 0 0"><span class='ocrx_word' id='word_1_208' title='bbox 0 0 1486 5018; x_wconf 95' lang='lat' dir='ltr'><strong> </strong></span> 
     </span>
    </p>
   </div>
  </div>
 </body>
</html>
