2948 5024
227 416 285 478 121
683 449 724 460 -
763 413 800 476 Γ
837 449 880 460 -—

223 584 279 647 έπι
302 584 434 668 Γυγαίη
462 580 553 664 τέκε,
581 581 702 656 κακοῖς.
753 576 920 663 μηδέποτε
957 576 1022 663 γάρ
1042 572 1190 663 Ὅμηρος
1223 582 1342 666 λίμνης

225 682 326 752 τέκνα
346 683 510 767 ίστορείν·
534 685 638 770 βίαιοι
659 681 699 748 δέ
719 682 815 748 είσιν.
838 681 880 748 Α.

767 861 806 929 Γ.

315 997 363 1059 18.
404 984 535 1074 αὑτάρ
565 983 583 1054 ὁ
607 991 753 1074 δοῦρε·
779 984 991 1072 Ἀρίσταρχος
1017 982 1103 1054 άνευ
1123 994 1185 1056 τοῦ
1205 986 1343 1075 άρθρου

169 1116 172 1119 ·
227 1090 359 1177 αὐτὰρ
381 1095 402 1159 δ
409 1096 459 1158 οὑ
466 1114 521 1175 ρε.
567 1087 676 1168 οὑτως
695 1088 751 1157 καὶ
769 1084 790 1175 ή
808 1084 1074 1173 Ἀριστοφάνους
1092 1091 1151 1158 καὶ
1170 1086 1192 1177 ή
1216 1097 1344 1161 Καλλι-

226 1193 391 1280 στράτου,
416 1194 471 1261 καί
492 1188 614 1276 σχεδόν
636 1187 745 1271 οὕτως
766 1191 822 1258 καί
845 1192 883 1257 αί
901 1193 1122 1275 χαριέσταται.
1145 1189 1345 1273 καίὸἹξίοιν

228 1299 266 1363 έν
287 1303 333 1386 τῷ
360 1322 381 1362 α
404 1291 489 1379 πρός
516 1290 576 1373 τάς
598 1292 769 1380 ἐξηγήσεις
802 1289 926 1381 ὁμοίως
957 1293 1173 1378 προφέρεται.
1219 1298 1285 1381 έχει
1306 1295 1344 1363 δέ

230 1398 291 1467 τὸν
308 1393 491 1485 Ὁμηρικὸν
514 1400 708 1482 χαρακτῆρα
727 1392 818 1482 καὶὴ
839 1392 906 1462 σὺν
926 1398 973 1485 τῷ
983 1389 1104 1485 άρθρφ
1124 1396 1252 1483 γραφή,
1269 1402 1345 1466 καί·

230 1522 294 1582 περ
318 1493 384 1565 οὑκ
411 1488 498 1565 οὑσα
516 1494 772 1584 Ἀριστάρχειος.
817 1496 968 1584 σύνηθες
992 1493 1058 1583 γάρ
1079 1502 1126 1588 τῷ
1147 1504 1269 1588 ποιητῇ
1290 1501 1345 1567 έπί

229 1606 298 1668 τῶν
315 1595 429 1667 αὑτῶν
445 1601 583 1687 μένοντι
606 1595 775 1669 ὑπόνοιαν
798 1604 966 1687 παρέχειν,
989 1594 1035 1679 ὡς
1048 1601 1126 1686 περὶ
1141 1598 1258 1687 έτέρου
1271 1604 1348 1669 δια-

160 1707 163 1709 ’
230 1704 378 1789 λέγοιτο,
401 1705 584 1788 προσθέσει
606 1697 743 1790 ἄρθρου
762 1704 818 1771 καὶ
841 1699 1036 1790 μεταλλάξει
1055 1705 1119 1768 τοῦ
1140 1703 1346 1790 συνδέσμου,

230 1799 276 1884 άς
303 1804 357 1872 ἐπὶ
383 1810 447 1872 τοῦ
473 1803 662 1885 Κύκλωπος
693 1802 780 1874 ‘noo
804 1809 844 1874 δέ
859 1830 918 1892 μιν
942 1799 1052 1883 ὑπνος
1069 1799 1145 1892 ήρει
1168 1806 1347 1893 πανδαμά-

232 1930 316 1992 τωρ·
346 1901 365 1972 ὁ
394 1902 428 1973 δ’
458 1906 615 1993 ἐρεύγετο
641 1909 880 1995 οίνοβαρείοιν’
911 1907 990 1995 (od.
1017 1932 1030 1973 ι
1053 1909 1151 1994 372),
1184 1901 1261 1974 άντδ
1285 1913 1349 1975 τοῦ

231 2011 288 2076 καί
314 2005 482 2093 ἐρεύγετο.
512 2011 554 2076 Α.
581 2010 634 2076 Of.
661 2011 720 2074 BL
748 2005 786 2075 τὸ
814 2003 946 2094 αὑτάρ
974 2004 1066 2096 παρά
1089 2007 1270 2100 Ζηνοδότφ
1292 2011 1349 2076 καί

236 2123 307 2191 τοῖς
327 2105 441 2189 ἄλλοις
462 2105 527 2178 οὑκ
549 2110 706 2196 ἐπάγεται
728 2109 766 2178 τὰ
790 2107 926 2197 άρθρον
945 2110 1012 2178 κτέ.

317 2217 370 2278 51.
393 2216 645 2298 κατηφείην·
669 2211 778 2293 οὕτως
800 2216 1040 2300 κατηφείην
1060 2209 1128 2280 σὺν
1149 2208 1196 2302 τῷ
1215 2239 1236 2281 ν
1256 2208 1350 2300 οὑμο-

233 2312 362 2402 λόγουν
389 2317 426 2381 at
442 2310 661 2402 Ἀριστάρχου
693 2318 749 2383 καὶ
778 2314 799 2404 ή
829 2312 1094 2401 Ἀριστοφάνους
1113 2317 1168 2382 καί
1188 2310 1210 2402 ή
1231 2322 1348 2384 Σωσι-

162 2507 165 2513 ·
234 2418 355 2504 γένους
376 2417 439 2485 ,καί
465 2411 703 2504 ήἈργολική,
731 2420 788 2485 καί
815 2414 938 2504 σχεδὸν
967 2419 1005 2485 έν
1026 2429 1099 2497 ταῖς
1119 2418 1351 2504 χαριεστάτοις

235 2516 345 2599 οὑτως
368 2515 466 2605 εἶχεν.
495 2515 575 2606 ήδὲ
596 2519 791 2605 Ζηνοδότου
810 2521 911 2607 χωρίς
931 2525 994 2587 τοῦ
1016 2545 1037 2587 ν
1057 2528 1276 2608 κατηφείη.
1307 2526 1350 2590 A.

321 2627 374 2689 57.
397 2622 493 2690 έσσο
515 2619 571 2691 διά
593 2629 663 2691 τοῖν
682 2623 746 2691 δύο
768 2643 788 2690 σ
808 2617 899 2708 είχον
919 2624 957 2689 αί
973 2618 1207 2708 Ἀριστάρχου·
1230 2626 1285 2691 καί
1306 2620 1349 2690 οὑ

236 2721 344 2811 μόνον
369 2724 408 2791 έν
428 2736 499 2806 τοῖς
519 2721 760 2814 ὑπομνήμασιν
784 2721 874 2811 εἶχον
895 2720 1016 2811 οὑτως,
1036 2719 1121 2793 &aad
1143 2726 1200 2793 καὶ
1221 2726 1259 2791 έν
1280 2727 1351 2793 ένί-

236 2850 287 2904 οις
305 2825 405 2910 λόγος
426 2821 601 2914 ὑπέκειτο,
629 2824 681 2896 ὅτι
703 2824 872 2912 άνάίογον
893 2816 938 2913 ήν
957 2827 994 2894 τὸ
1018 2827 1144 2894 εἕσσον
1164 2852 1237 2912 μιν
1257 2833 1351 2912 χλαί-

225 2924 303 2994 ·νάν
324 2937 378 2994 τε’
413 2929 492 3016 (od.
515 2953 540 2996 π
561 2932 616 3021 79)
650 2931 706 2998 καί
737 2929 909 3010 ’έσσας’.
954 2925 1057 3016 καίή
1089 2926 1284 3015 Ζηνοδότου
1314 2931 1351 2998 δὲ

237 3023 346 3108 οὑτως
378 3025 444 3115 εἶχε
477 3034 533 3099 καὶ
562 3028 584 3119 ή
613 3027 887 3118 Ἀριστοφάνους.
925 3035 968 3101 A.
1012 3035 1191 3101 Duontzor.
1226 3034 1351 3100 Zenod.

236 3136 396 3219 η).1,16.Ι

325 3236 395 3299 126.
438 3232 494 3300 καί
520 3235 558 3300 αί
573 3230 791 3321 Ἀριστάρχου
813 3236 868 3302 καί
891 3231 912 3322 ἡ
935 3233 1129 3322 Ζηνοδότου
1147 3235 1203 3304 καὶ
1224 3231 1245 3322 ή
1265 3232 1354 3320 Ἀρι-

238 3331 432 3420 στοφάνους
454 3336 705 3423 πορφυρέην
728 3332 830 3423 είχον,
852 3333 895 3405 οὑ
915 3340 1174 3425 μαρμαρέην.
1207 3338 1264 3404 καί
1283 3341 1353 3404 ἔστι

238 3439 530 3524 πρεπωδέστερον·
552 3439 607 3506 καί
625 3436 690 3530 γάρ
713 3439 767 3506 ἐπὶ
791 3444 860 3507 τῶν
877 3445 1025 3527 νυμφῶν
1045 3438 1165 3527 ’φάρε’
1183 3435 1354 3525 ὑφαίνου-

239 3557 296 3607 σιν
317 3534 555 3627 άίιπόρφυρα’
579 3543 658 3631 (Od.
681 3568 703 3608 ν
721 3544 806 3633 108).
838 3545 881 3610 A.

324 3647 394 3710 193.
437 3648 616 3732 κεφαλή·
634 3640 847 3731 Ἀρίσταρχος
868 3643 1066 3731 κεφαλήν.
1089 3648 1132 3714 Α.
1156 3647 1201 3734 (Α
1221 3643 1356 3732 βέλτιον

239 3744 276 3813 δέ
298 3747 468 3814 exorditur
489 3748 662 3815 Nicanoris
682 3749 876 3837 adnotatio.)

320 3853 392 3917 227.
438 3848 631 3936 κεφαλήν
659 3873 717 3917 τε·
751 3845 860 3929 οὑτως
884 3847 951 3917 σὺν
971 3854 1019 3941 τῷ
1037 3851 1081 3918 τέ
1100 3845 1120 3936 ή
1139 3846 1356 3937 Ἀριστάρχου
1376 3934 1379 3941 Ι

240 3953 295 4019 καί
316 3947 627 4038 ήἈριστοφάνους.
668 3953 724 4019 καί
744 3955 837 4019 ἔστιν
860 3949 1144 4039 εὑφραδέστερον.
1165 3955 1209 4020 A.

326 4058 400 4120 159.
441 4053 636 4121 ἐκέλευσε
669 4049 702 4120 δ’
740 4052 943 4140 ἑταίροις·
977 4051 1087 4133 οὑτως
1117 4068 1188 4134 τοῖς
1214 4053 1357 4140 ἑταίροις

240 4153 324 4225 κατά
336 4152 475 4242 δοτικήν
485 4158 523 4222 ac
527 4152 753 4245 Ἀριστάρχου.
774 4155 967 4242 σονεφάνει
981 4157 1037 4224 καί
1050 4152 1070 4242 ή
1082 4156 1290 4243 Ζηνοδότου.
1314 4160 1356 4225 Α.

320 4263 394 4327 262.
437 4263 615 4346 προκρίνει
641 4258 704 4345 μέν
731 4257 795 4345 τήν
821 4255 878 4326 διά
903 4264 966 4326 τοὺ
987 4284 1003 4326 ε
1023 4256 1161 4344 γραφήν
1182 4259 1357 4346 βήσετο,

240 4361 330 4447 πλήν
348 4357 390 4427 οὑ
406 4362 636 4448 μετατίθησιν,
654 4357 739 4429 άλλά
756 4358 813 4448 διά
829 4365 892 4428 τοῦ
909 4387 930 4427 α
948 4360 1072 4447 γράφει
1079 4357 1301 4446 Ἀρίσταρχος.
1317 4364 1356 4429 Β.
