2932 5002
460 530 758 617 Bacchylidem
781 533 884 598 (lcum

458 634 714 720 Melanippidem
737 636 754 699 I
776 634 911 699 Melium

457 735 713 821 Melanippidem
736 737 771 801 ΙΙ
794 735 939 815 Critonis
996 737 1148 820 λυρικόν.

457 838 675 902 Philoxenum
699 837 890 924 Cytherium
995 838 1148 922 λυρικόιι.

457 938 691 1024 Antigenidem
713 938 906 1004 Thebanum
994 936 1163 1026 μουσικὸν
1190 940 1247 1007 καὶ
1271 937 1341 1006 αὐ-

1038 1041 1158 1130 teudo.

458 1141 664 1206 Timotheum
683 1141 848 1207 Milesium
995 1142 1146 1227 λυρικόν.

458 1244 613 1310 Sotadcm
634 1244 830 1309 Maronitam
929 1290 931 1295 -
994 1243 1242 1332 ἰαμβογράφον.

308 1349 492 1434 Supersunt
518 1347 652 1411 Theano
679 1345 793 1411 Locris
819 1347 881 1434 (X)
912 1357 945 1412 et
976 1349 1083 1413 Eueni
1120 1347 1216 1434 (xl),
1253 1369 1339 1433 quos

222 1454 360 1519 omissos
396 1448 437 1512 ab
472 1448 622 1513 Eudocia
651 1470 728 1511 num
760 1447 879 1514 Suidas
912 1449 1079 1536 Hesychio
1114 1448 1233 1513 debeat
1267 1447 1339 1533 (XI

223 1578 265 1617 ex
298 1551 558 1637 Harpocratione
588 1549 761 1631 delibavit)
796 1550 920 1616 dubito.
966 1552 1003 1616 O.
1028 1550 1146 1615 XXIV
1175 1549 1216 1614 de
1243 1549 1341 1635 Myia

222 1654 321 1719 habet
342 1653 491 1718 Eudocia
512 1675 544 1738 p.
565 1654 643 1733 357,
666 1651 725 1714 scd
746 1673 786 1714 ea
803 1672 867 1736 quo
888 1660 1034 1739 tempore
1057 1653 1179 1717 vixerit
1205 1651 1337 1735 ignoro.

222 1756 477 1837 Desiderantur‚
500 1756 588 1843 quod
608 1753 752 1833 mireris,
774 1750 920 1817 Callinus
944 1762 977 1818 et
997 1752 1226 1819 Archilochus.

308 1856 423 1942 Itaque
452 1855 514 1920 hae
540 1866 710 1942 poetarum
739 1854 828 1919 vitae
855 1876 931 1918 num
959 1877 979 1918 a
999 1855 1145 1941 Didymo
1166 1853 1337 1941 profectae

224 1958 290 2021 sint
317 1979 435 2038 necne,
463 1958 583 2022 certius
606 1957 684 2020 sciri
706 1964 832 2041 posset,
861 1955 924 2019 nisi
947 1957 1020 2043 ipsa
1037 1956 1241 2041 Theognidis
1265 1957 1339 2020 vita

224 2058 311 2145 apud
332 2057 467 2121 Suidam
492 2058 634 2142 pessime
654 2055 768 2120 hahita
793 2066 888 2121 esset.
934 2056 1023 2137 Quid
1045 2057 1131 2143 quod
1152 2057 1338 2142 lexicogra-

222 2157 307 2245 phus
327 2156 444 2221 falsam
463 2157 672 2222 traditionem
694 2166 824 2221 secutus
847 2157 1073 2242 Megarensem
1093 2155 1236 2243 appellat
1258 2180 1337 2243 poe·

90 2315 93 2320 .
223 2268 289 2323 tam
312 2261 381 2322 cciv
402 2256 440 2321 ἐν
462 2263 601 2345 Σικελίᾳ
622 2253 817 2341 Μεγάρωνῖ
837 2259 871 2323 id
894 2259 981 2345 quod
1002 2267 1114 2346 aperte
1129 2258 1266 2344 Didymi
1290 2268 1337 2324 te-

223 2362 374 2427 stimonio
397 2384 449 2447 ap.
474 2361 574 2426 schol.
597 2361 745 2425 Platonis
767 2360 871 2446 Legg.
896 2362 912 2425 Ι
935 2365 996 2426 630
1019 2359 1051 2424 Α
1072 2368 1244 2447 repugnat.
1269 2360 1337 2425 Sed

224 2464 365 2528 fortasse
386 2463 504 2528 lacuna
525 2463 675 2527 foedatus
698 2472 747 2526 est
769 2462 822 2527 hic
840 2463 930 2528 locus
949 2485 989 2527 ea
1009 2471 1079 2526 arte
1101 2462 1278 2544 sanandus,
1301 2472 1338 2525 ut

224 2575 356 2632 auctore
386 2564 647 2652 Harpocratione
673 2589 704 2652 p.
728 2568 785 2648 95,
807 2570 826 2628 4
848 2563 957 2628 Bekk.
980 2572 1055 2650 post
1075 2562 1256 2644 Μεγαρεύς
1279 2564 1337 2628 ad·

224 2669 304 2732 icias
337 2668 441 2733 verba
471 2659 537 2731 ἆιιὸ
575 2668 643 2729 τῶν
671 2663 755 2750 πρὸς
780 2671 820 2753 τῇ
838 2660 967 2750 Ἀττικῇ
989 2662 1176 2747 Μεγάρων,
1199 2667 1338 2747 πολίτης

224 2768 261 2835 ol
283 2775 352 2834 τῶν
373 2769 411 2834 ἐν
433 2770 572 2853 Σικελίᾳ
587 2765 769 2853 Μεγάρων,
787 2791 875 2857 ¹quae
897 2767 1052 2831 librarius
1075 2766 1338 2831 homoeoteleuto

223 2874 380 2958 deceptus
406 2869 504 2935 facile
535 2871 684 2935 omittere
711 2880 849 2958 poterat.
894 2870 968 2935 Hoc
997 2878 1125 2934 constat
1147 2867 1284 2932 Suidam
1310 2890 1338 2932 s.

224 2998 255 3038 v.
280 2974 421 3055 Θέογνις
447 2972 612 3037 turbatum
630 2995 713 3038 esse.
747 2972 896 3038 Eudocia
917 2972 971 3036 vel
990 2970 1117 3036 duobus
1136 2970 1217 3034 locis
1230 2968 1338 3033 Theo-

223 3073 332 3156 gnidis
358 3073 504 3137 meminit
532 3096 564 3158 p.
590 3075 652 3136 227
675 3084 707 3139 et
733 3077 805 3140 232.
849 3073 989 3138 Accedit
1022 3071 1108 3159 quod
1135 3072 1220 3135 vitas
1248 3070 1340 3157 apud

223 3171 358 3236 Suidam
387 3179 553 3236 exstantes
576 3173 759 3260 perlegenti
787 3177 849 3242 hoc
878 3197 944 3240 non
971 3182 1078 3261 potest
1105 3195 1170 3238 non
1192 3172 1340 3236 animad-

223 3275 374 3338 versione
397 3273 532 3357 dignum
554 3295 643 3357 esse,
664 3279 751 3362 quod
769 3280 804 3342 in
819 3276 1040 3366 compluribus
1061 3282 1184 3361 septem
1209 3274 1339 3359 sapien-

222 3386 291 3441 tum
313 3376 434 3440 mentio
452 3375 600 3471 inicitur,
626 3378 713 3463 quod
736 3381 942 3465 quantumin
962 3386 1107 3441 nostram
1126 3398 1194 3439 rem
1217 3373 1341 3438 habeat

223 3478 376 3566 ponderis
400 3477 494 3541 docet
516 3487 687 3542 comment.
711 3479 792 3543 1V3
811 3506 843 3569 p.
858 3484 920 3546 372
943 3490 975 3544 et
992 3504 1024 3567 p.
1041 3481 1113 3543 384.
1158 3477 1214 3540 Sic
1236 3474 1338 3562 Tyr-

223 3590 344 3646 taeus
366 3574 684 3662 diciturodyxpovog
706 3591 774 3662 τοῖς
797 3585 813 3661 ζ
833 3588 986 3666 κληθεῑοι
1009 3592 1128 3663 σοφοῖς
1149 3572 1170 3661 ἢ
1194 3576 1249 3643 καὶ
1273 3602 1340 3641 κοι-

223 3680 411 3763 λαιότιρος,
440 3679 703 3746 Mimnermus
731 3684 855 3749 vixisse
882 3684 987 3748 fertur
1015 3682 1069 3747 ἐπὶ
1090 3684 1148 3764 τῆς
1170 3683 1206 3758 λζ
1227 3672 1339 3762 ὀλυμ-

225 3781 360 3865 πιάδος,
383 3777 429 3859 oie
447 3780 665 3864 προτερεύειν
688 3787 756 3848 τῶν
785 3788 801 3863 ζ
821 3788 957 3868 σοφοῖν,
990 3782 1151 3871 Sappho
1173 3791 1340 3865 γεγονυῖα

224 3881 307 3947 κατὰ
328 3879 391 3967 τὴν
410 3887 455 3968 μβ
478 3878 681 3967 ὀλυμπιάδα,
705 3879 760 3948 ὅτε
783 3885 838 3950 καὶ
856 3879 1006 3961 Ἀλκιιῖος
1027 3875 1070 3969 ἦν
1094 3883 1148 3949 καὶ
1171 3888 1342 3967 Στησίχο-

225 4008 284 4067 ρος
307 3983 361 4048 καὶ
374 3976 598 4067 Πιιιάκός,
621 3987 716 4051 Lasi
737 4009 815 4051 vero
828 3986 1077 4053 Hermionensis
1098 4009 1162 4074 quo
1186 3987 1259 4052 loco
1273 4009 1343 4051 me·

224 4086 332 4167 minit,
365 4085 456 4150 addit
501 4081 589 4164 ιινὲς
625 4092 747 4152 τοῦτον
787 4093 1039 4173 συναριθμούσι
1071 4099 1140 4165 τοῖς
1172 4090 1188 4165 ζ
1218 4099 1343 4170 σοφοῖς

223 4179 298 4249 ἀντὶ
320 4182 546 4270 Περιάνδρου.
583 4190 621 4253 ln
641 4190 722 4274 ipsis
746 4190 929 4276 sapientum
955 4191 1031 4254 vitis
1055 4191 1198 4253 animum
1222 4189 1343 4254 adver·

223 4294 297 4354 tunt
323 4307 407 4378 quae
435 4311 461 4355 s.
488 4312 521 4353 v.
551 4284 716 4369 Πιττακός
747 4298 877 4356 exstant
908 4282 955 4370 εἷς
981 4292 1046 4356 καὶ
1075 4283 1197 4369 αὐτὸς
1225 4294 1297 4354 τῶν
1327 4293 1345 4370 ζ
