2962 5018
248 364 312 476 eos

250 579 379 644 addidit
405 577 467 641 Th.
490 577 615 662 Bergk.
642 597 724 641 com.
753 576 822 640 Att.
847 574 941 662 reliq.
967 582 1001 661 p.
1025 580 1065 641 66
1072 625 1082 658 ,
1115 577 1168 640 cui
1191 586 1367 665 propterea

246 677 372 743 bellum
392 678 509 742 indicit
525 678 565 741 Ο.
584 677 802 741 Schneidcrus
819 700 851 764 p.
867 681 915 740 15.
945 677 1053 741 Huius
1073 679 1174 762 igitur
1187 678 1248 742 tihi
1263 679 1369 743 verba

250 779 501 843 transscribam:
535 779 712 843 ‘Eiusdem
742 778 880 865 Didymi
913 781 1163 844 commentarios
1198 781 1297 844 etiam
1332 782 1368 843 in

250 881 352 946 schol.
375 881 418 945 ad
441 880 563 969 Vespp.
580 885 636 944 151
661 882 781 969 respici
803 881 912 964 credo,
931 879 989 945 ubi
1011 882 1092 945 haec
1110 880 1281 966 leguntur:
1303 878 1368 946 τόν

248 980 506 1070 ὑπεκίυόμενον
529 978 624 1048 οἶνόν
646 984 732 1066 φασί
748 1005 838 1059 τινες
860 985 1039 1048 καπνίαν
1061 981 1230 1065 λέγεσθαι.
1256 982 1300 1047 ἐν
1320 983 1366 1048 δὲ

249 1101 336 1167 τοῖς
370 1086 464 1170 περὶ
492 1088 710 1168 Κρατίνου
743 1079 980 1169 διώρισται,
1013 1079 1065 1150 ὅτι
1097 1079 1158 1151 τόν
1188 1078 1366 1152 ἀπόθετον

249 1186 344 1254 οἶνον
376 1181 474 1272 ἢκαὶ
506 1182 666 1272 παλαιόν,
710 1180 764 1250 διὸ
793 1179 1015 1270 Ἐκφαντίδην
1041 1190 1197 1253 Καπνίαν
1234 1192 1364 1253 καλοῦ-

248 1311 315 1356 σιν.
358 1292 443 1354 Nam
464 1289 634 1353 Cratinum
655 1289 716 1352 etsi
741 1288 851 1375 plures
881 1289 1084 1375 interpretati
1106 1299 1181 1354 sunt
1202 1311 1365 1374 gramma-

248 1394 315 1475 tici,
334 1401 444 1455 tamen
467 1389 618 1477 equidem
639 1412 834 1477 quemqnam
854 1390 939 1454 inter
961 1412 1015 1455 eos
1037 1400 1167 1477 praeter
1180 1391 1365 1478 Didymum

249 1495 295 1557 ita
320 1492 511 1580 simpliciter
536 1495 682 1579 potuisse
704 1491 831 1556 Cratini
853 1493 1065 1579 interpretem
1088 1493 1154 1557 dici
1181 1494 1215 1557 in
1236 1494 1366 1558 Aristo·

247 1594 384 1682 phaneis
407 1594 539 1658 scholiis
560 1593 744 1679 praefracte
767 1594 987 1677 negaverim’
1017 1594 1126 1681 Atque
1147 1596 1366 1682 perpendenti

247 1697 327 1762 mihi
349 1696 582 1784 amplissimam
601 1695 785 1780 glossarum
811 1696 1037 1761 Cratinearum
1064 1699 1196 1783 egregie
1219 1697 1364 1784 explica-

248 1808 354 1863 tarum
375 1798 585 1884 farraginem,
599 1819 682 1884 quae
704 1798 782 1884 quin
799 1821 816 1861 e
831 1798 968 1885 Didymi
992 1799 1100 1864 lexico
1121 1800 1243 1864 comico
1257 1809 1365 1863 trans-

249 1900 371 1985 scripta
393 1900 459 1963 sint
465 1949 474 1982 ,
498 1897 633 1963 dubium
657 1920 728 1963 esse
751 1921 816 1964 non
835 1908 958 1987 potest,
982 1900 1127 1965 eiusdem
1150 1899 1286 1985 Didymi
1306 1923 1363 1964 ex-

248 2001 354 2064 titisse
381 2003 630 2065 commentarios
661 1999 831 2067 Oratineos
859 2005 956 2067 etiam
988 2012 1081 2067 extra
1110 2025 1237 2067 omnem
1268 2002 1364 2066 dubi-

247 2102 403 2165 tationem
425 2103 568 2186 positum
589 2111 648 2167 est.

772 2310 831 2391 13.

530 2442 820 2508 Commentarii
843 2444 1076 2532 Eupolidei.

333 2574 592 2662 Eupolidcorum
630 2579 952 2661 commentariorum,
991 2600 1128 2665 quorum
1157 2576 1198 2641 de
1226 2585 1363 2640 anctore

248 2677 379 2742 aliunde
402 2701 465 2742 non
488 2688 631 2762 constat,
652 2689 817 2744 auctorem
837 2679 1017 2766 Didymum
1040 2680 1142 2744 fuisse
1162 2688 1199 2742 ut
1219 2688 1362 2765 putaret,

247 2780 442 2844 certioribus
465 2803 562 2868 quam
585 2782 786 2848 Fritzschius
809 2783 843 2845 in
866 2792 990 2869 quaest.
1014 2781 1181 2868 Aristoph.
1206 2781 1222 2843 I
1242 2803 1275 2867 p.
1300 2784 1362 2844 146

247 2890 313 2944 not.
344 2882 525 2947 rationibus
550 2893 718 2949 assecutus
749 2895 799 2949 est
826 2886 865 2949 0.
895 2884 1084 2950 Schneider.
1116 2885 1156 2949 de
1185 2881 1298 2947 scholl.
1327 2884 1360 2944 in

247 2982 348 3044 Arist.
370 2982 503 3070 fontp.
518 2989 556 3048 16
572 3008 654 3072 sqq,
676 3009 782 3074 neque
805 2987 846 3051 G.
867 2986 1022 3051 Wolffius
1041 2988 1074 3050 in
1097 2987 1176 3051 diss.
1196 2985 1236 3048 de
1259 2982 1360 3070 Soph.

248 3079 361 3145 scholl.
383 3084 482 3149 Laur.
504 3109 537 3173 p.
560 3093 597 3151 15
621 3089 655 3151 in
677 3088 774 3152 aliam
798 3090 992 3153 sententiam
1015 3089 1182 3171 discessit,
1209 3089 1361 3174 quamvis

247 3200 287 3242 ea
308 3180 349 3244 de
370 3205 405 3246 re
426 3185 533 3250 adhuc
553 3186 704 3254 dubitare
725 3191 823 3254 sciret
844 3191 883 3254 R.
901 3190 1070 3275 Engerum
1086 3212 1161 3253 ann.
1174 3189 1260 3274 phil.
1278 3190 1354 3251 1841

245 3302 278 3366 p.
301 3283 407 3369 935¹).
452 3285 533 3350 Rem
562 3297 672 3354 tamen
701 3293 831 3356 conficit
855 3293 956 3358 schol.
986 3294 1028 3358 ad
1050 3291 1159 3379 Apoll.
1180 3290 1286 3355 Rhod.
1310 3289 1360 3352 IV
1438 3281 1441 3286 ¹

249 3387 308 3445 144
342 3383 397 3448 καὶ
419 3384 457 3448 ἐν
478 3383 643 3457 Εὐπόλιδι
667 3391 704 3457 δὲ
726 3388 835 3472 οὕτως
856 3395 1121 3479 ἐξηγοῦνται·
1154 3383 1357 3479 τόδόμβοισι

246 3486 403 3567 μαστίξας
426 3485 499 3571 ἐμέ,
523 3491 597 3556 coll.
622 3495 638 3557 I
663 3500 744 3561 1139
775 3491 871 3562 ἄλλοι
893 3495 929 3561 δὲ
948 3493 1082 3582 ῥόμβον
1106 3499 1286 3577 καλοῦσιν,
1310 3489 1357 3571 ὡς

245 3580 395 3665 Εὔπολις
416 3589 454 3654 ἐν
474 3585 621 3670 Βάπταις
645 3597 699 3661 καί
728 3599 926 3683 Δίδυμος.
971 3599 1158 3663 Meinekins
1180 3598 1276 3679 enim,
1301 3601 1359 3683 qui

245 3686 280 3750 in
300 3688 413 3754 histor.
437 3693 509 3756 crit.
530 3717 563 3780 p.
579 3698 616 3758 14
637 3720 696 3782 pro
719 3703 777 3764 καί
797 3703 928 3787 scripsit
945 3695 1001 3785 ὡς,
1026 3701 1146 3765 erroris
1164 3698 1359 3765 manifestus

244 3797 304 3852 est.
350 3791 449 3855 Nulla
471 3796 557 3859 enim
578 3795 629 3860 his
652 3800 762 3865 verbis
785 3802 840 3866 καὶ
859 3804 1013 3887 Δίδυμος
1032 3803 1194 3866 sententia
1215 3799 1281 3864 alia
1303 3822 1359 3864 ex-

244 3892 341 3975 primi
363 3903 481 3979 potest,
500 3919 596 3982 quam
619 3899 798 3988 Didymum
822 3907 919 3969 etiam
939 3904 1024 3968 hanc
1045 3905 1150 3991 ipsam
1173 3897 1228 3967 διὰ
1249 3905 1313 3966 τοῦ
1336 3926 1360 3965 υ

245 3992 382 4078 γραφήν
417 4001 610 4063 auctoritate
640 4025 700 4066 sua
733 4005 880 4072 firmasse
906 4007 1056 4094 adposito
1092 4008 1154 4072 hoc
1183 4004 1360 4091 Eupolidis

317 4165 341 4229 1)
363 4166 455 4218 Lucae
480 4171 508 4220 in
532 4171 598 4224 diss.
622 4174 656 4225 ds
676 4175 789 4226 Cratino
816 4181 843 4227 et
866 4178 999 4243 Eupolide
1021 4196 1048 4245 p.
1068 4179 1103 4230 110
1126 4185 1235 4245 praeter
1260 4178 1360 4230 Gelani

242 4245 326 4345 libros
345 4254 394 4303 tris
414 4251 478 4319 usqi
496 4255 553 4307 τόν
572 4252 642 4324 παρ’
658 4255 798 4314 Εὐπόλιδι
817 4253 966 4328 όνομότων
982 4263 1136 4316 πολιτικόν
1155 4265 1222 4315 nihil
1241 4265 1360 4330 emplius

245 4338 374 4388 innotuit.
