2962 5024
203 375 265 436 248

370 534 422 602 ἐπὶ
444 546 513 613 τοῖς
535 531 777 618 καταῤῥίουσιν
800 525 866 596 ἀπὸ
888 528 1123 616 κελεύσματος.

203 634 309 705 οὕτω
332 640 399 702 καί
419 640 617 720 Δίδυμος.
650 634 776 699 Eadem
796 633 896 698 habet
917 633 1133 720 Harpocratio
1156 635 1188 698 K
1212 635 1314 722 (Mar-

203 742 289 805 eisn.
319 743 380 802 444
403 738 632 828 interpolatus)
657 762 688 825 p.
712 739 769 817 37,
793 738 833 797 211
858 734 967 800 Bekk.
1014 734 1066 800 Of.
1090 735 1174 799 Tim.
1198 759 1230 822 p.
1255 740 1315 800 142

204 840 313 906 Fiseh.
336 840 466 923 Pom,
487 843 545 904 194
568 844 598 922 9,
628 841 682 901 121
708 838 759 903 ed.
779 835 887 901 Bekk.
911 835 1019 900 Bekk.
1044 837 1182 901 aneedd.
1200 839 1273 920 327,
1296 842 1315 901 5

203 943 284 1009 Hes.
310 934 534 1018 ἄσκωλιάζεις.
579 936 805 1023 ἀγκωλιάζωυ.
849 938 902 1003 De
926 961 981 1004 vv.
1012 931 1102 1002 ούτω
1127 935 1182 1002 καὶ
1203 942 1314 1004 Δίδυ-

203 1066 264 1127 μος
285 1041 372 1106 infra
394 1042 563 1107 disseram.
726 1126 787 1208 (5)

290 1244 398 1310 Sehol.
427 1241 537 1306 Nubb.
565 1247 623 1307 133
647 1244 795 1306 Marcum
819 1242 988 1306 Musurum
1018 1243 1120 1305 sensit
1141 1236 1314 1326 interpela-

203 1356 316 1412 torem.
364 1344 417 1409 Cs.'
442 1342 565 1408 Zenob.
592 1344 690 1409 Pror.
719 1344 773 1407 ΙΙΙ
802 1345 853 1408 87.

742 1536 773 1597 5.

290 1653 396 1716 Rsnn.
416 1653 453 1714 13
476 1644 705 1734 Φρύνιχος·
728 1643 917 1731 Δίδυμός
933 1663 1050 1730 φησιν,
1071 1641 1122 1712 ὅτι
1138 1649 1204 1711 νῦν
1219 1651 1316 1729 Φρυ-

204 1756 300 1835 νίχου
329 1754 391 1816 τού
410 1756 562 1835 κωμικοῦ
583 1752 762 1837 μέμνηται,
789 1743 833 1826 ὡς
851 1744 931 1830 παρ’
956 1747 1077 1814 ἕκαστα
1096 1748 1134 1813 ἐν
1154 1760 1225 1825 ταῖς
1247 1772 1316 1812 κω-

204 1856 343 1940 μῳδίαις
364 1853 662 1937 φορτικευομίνου.
709 1853 777 1916 ἔστι
801 1851 837 1915 δὲ
861 1849 985 1933 πατρός
1004 1846 1218 1934 Εὐνομίδου,
1248 1875 1316 1914 κω-

204 1956 361 2042 μῳδεῖται
390 1953 425 2016 δὲ
455 1947 499 2031 ὡς
529 1955 622 2031 ξένος
658 1950 712 2017 καὶ
741 1951 795 2016 ε’πί
822 1949 1007 2036 φαυλότητι
1036 1951 1231 2037 ποιημάτων
1260 1955 1317 2019 καί

205 2049 250 2132 ὡς
273 2049 432 2135 ἀλλότρια
450 2053 558 2137 λέγων
578 2053 632 2117 καὶ
654 2047 852 2134 κακόμετηα.
888 2052 950 2116 είσί
979 2053 1014 2117 δὲ
1036 2054 1090 2117 καί
1112 2050 1207 2120 ἄλλοι
1228 2067 1317 2136 τρεῖς

205 2152 380 2237 Φούνιχοι.
422 2153 571 2241 'Reliqua
597 2153 712 2217 scholii
739 2174 815 2239 pars
846 2153 1033 2239 interpretis
1061 2164 1110 2219 est
1134 2156 1316 2243 Didymum

205 2257 439 2344 impugnantis.
745 2341 764 2402 6
1286 2296 1289 2299 2

290 2463 342 2523 41.
365 2454 416 2541 μη
437 2451 607 2540 μαίνοιό
630 2478 689 2539 γε·
720 2450 999 2540 Δίδυμοςᾶντί
1017 2460 1079 2522 τού
1101 2453 1146 2542 μὴ
1168 2462 1315 2543 μανείης.

205 2555 439 2643 πιθανώτερον
461 2557 497 2622 δὲ
520 2553 586 2621 κτὲ.
745 2646 763 2703 7

290 2766 341 2826 55.
368 2758 517 2845 μικρός
543 2755 682 2845 ἡλίκος
701 2756 875 2824 Μόλων·
904 2760 1019 2836 παίζει.
1065 2762 1133 2827 ἔστι
1160 2759 1224 2844 γὰρ
1255 2786 1317 2844 με-

205 2856 433 2947 γαλόσωμοςὸ
455 2859 596 2928 Μόλων.
619 2860 809 2942 Δίδυμος
831 2861 869 2923 δέ
890 2878 1005 2945 φησιν,
1029 2855 1080 2926 ὅτι
1103 2858 1167 2926 δύο
1187 2861 1317 2928 Μόλω-

204 2963 261 3040 νίς
284 2966 385 3043 εἰσιν,
415 2957 432 3028 ὁ
461 2957 645 3045 ὑποκριτὴς
667 2958 722 3026 καί
744 2956 762 3025 ὃ
784 2960 997 3044 λωποδύτης·
1024 2959 1224 3046 καὶμᾶλλον
1246 2969 1316 3028 λω-

205 3061 357 3145 ποδύτην
375 3063 480 3147 λέγει,
501 3057 539 3141 ός
564 3054 604 3148 ἦν
626 3059 763 3146 σμικρός
784 3057 821 3127 τό
841 3066 946 3145 σῶμα.
996 3066 1174 3147 Τιμαχίδας
1195 3064 1231 3130 δὲ
1255 3062 1316 3130 τόν

204 3159 391 3246 ὑποκριτὴν
420 3162 578 3247 λέγεσθαι
606 3161 767 3229 Μόλωνα.
813 3164 1017 3229 Histrionem
1037 3166 1200 3231 Molonem
1229 3190 1315 3232 com·

204 3274 362 3330 memorat
382 3264 553 3330 Demosth.
576 3286 610 3328 π.
630 3288 776 3350 παραπρ.
798 3266 877 3346 418,
901 3268 919 3328 6
939 3264 979 3328 R.

743 3455 773 3515 8.

291 3573 360 3634 104.
391 3567 594 3655 κόβαλλα·
625 3574 797 3654 κακούηγα
825 3568 880 3633 καί
910 3566 1128 3654 ἀνελεύθερα.
1180 3575 1316 3638 Δίδυ-

203 3692 277 3754 μος
304 3672 604 3756 κατεστωμυλμένα
624 3669 829 3754 ἆπατητικοί,
859 3670 914 3735 καί
934 3669 1166 3757 κακοβούλους
1190 3671 1316 3758 κοβάλ-

203 3775 293 3847 λους.
340 3771 393 3837 cf.
415 3773 495 3838 Hes.
519 3774 621 3840 schol.
644 3775 723 3838 Eur.
747 3772 828 3836 Hec.
855 3774 914 3836 129
933 3771 1047 3838 Cobet.
1093 3776 1145 3839 De
1169 3775 1315 3840 Coballis

202 3871 359 3936 habemus
382 3875 548 3959 egregiam
578 3875 830 3962 disputationem
849 3872 1011 3938 Lobeckii
1038 3875 1073 3938 in
1094 3878 1205 3941 misce.
1229 3878 1315 3942 eritt.

203 3970 342 4037 Seebod.
368 3974 403 4037 II
426 3976 444 4037 3
465 3995 497 4059 p.
520 3977 711 4040 568-570.

740 4168 770 4226 9.

290 4276 361 4339 186.
384 4273 421 4339 τὸ
440 4272 477 4339 δὲ
500 4271 629 4360 λη’θης
650 4278 808 4362 πεδίον,
831 4278 1313 4365 Αίδυμόςφησι,χωοίονίν
