2962 5024
700 673 735 752 3.

166 818 457 885 Commentarii
490 819 529 881 in
552 818 779 905 Odyssoam
815 825 1027 908 exegetioi
1057 835 1096 889 et
1123 828 1273 891 critici.

703 977 716 1035 1

248 1091 391 1155 Nicanor
420 1087 462 1151 ad
490 1092 512 1173 β
541 1090 603 1153 260
632 1086 706 1154 lodo
736 1090 803 1156 ἐπὶ
833 1091 925 1158 θινὶ
950 1090 1179 1176 θαλάσσης·
1205 1090 1274 1159 ’ἐὰν

163 1188 246 1258 κατὰ
274 1185 411 1273 δοτικὴν
438 1184 608 1272 γράφηται
634 1186 672 1256 τό
703 1197 808 1257 ΘΙΝΙ
831 1193 980 1277 βραχέως
1009 1193 1118 1279 (Harl.
1148 1189 1271 1280 βραχὺ)

163 1296 404 1375 διαστελοῦμεν
425 1288 479 1355 ἐπὶ
499 1290 536 1355 τό
560 1289 623 1355 ἰόν
645 1291 700 1357 καὶ
721 1289 761 1358 τὰ
783 1293 857 1377 ἑξῆς
884 1295 1110 1379 συνάπτομεν.
1155 1290 1215 1357 ἐὰν
1235 1290 1273 1358 δὲ

163 1388 326 1476 αίτιατικὴ
340 1381 401 1479 (ᾗ),
423 1385 469 1467 τός
489 1407 572 1474 φησι
590 1395 777 1478 Δίδυμος
798 1393 944 1478 γράφειν
953 1392 1177 1482 Ἀρίσταρχον,
1190 1392 1272 1478 μετὰ
1364 1409 1366 1413 ’

161 1491 197 1559 τό
220 1490 394 1576 θαλάσσης
413 1494 664 1577 διαστελοῦμεν.
696 1495 736 1575 Q.
759 1495 851 1559 Harl.

701 1681 720 1740 2

202 1854 205 1862 .
244 1795 353 1863 Schol.
376 1795 447 1860 Pal.
473 1797 513 1878 Q.
537 1797 615 1860 add
638 1800 700 1861 797
722 1798 912 1881 Δίδυμος
929 1798 967 1863 δὲ
986 1791 1164 1881 Ἀμερόκιν
1188 1799 1271 1884 φησὶ

161 1896 479 1983 προσαγορεύεσθαι
506 1893 569 1982 τὴν
591 1895 794 1983 Πηνελόπην
822 1891 1058 1982 ἢἈναρκίοιν·
1088 1906 1271 1967 Ναυπλίου

159 1997 197 2064 δὲ
219 2001 380 2084 ῥίψαντος
407 1994 514 2084 αὐτην
543 2002 589 2077 εἰς
610 1995 785 2066 θάλασσαν
814 1995 870 2064 διὰ
900 1997 1023 2084 ποινὴν
1045 2001 1271 2086 Παλαμήδους

158 2095 226 2166 ὑπὸ
254 2097 457 2184 πηνελόπων
485 2095 593 2185 αὐτὴν
612 2108 781 2166 σωθεῖσαν
804 2094 913 2177 οὕτως
931 2095 1176 2188 ὀνομασθῆναι.
1215 2101 1269 2171 Ἐν

158 2202 195 2267 δὲ
224 2202 429 2290 ἐπιμερισμῷ
452 2204 514 2266 τοῦ
546 2206 683 2286 (Μῆνιν
705 2199 796 2268 ἄειδε
816 2197 898 2267 aa?
934 2202 1139 2289 Πηνελόπην
1161 2200 1269 2290 αὐτην

160 2322 243 2388 φησι
280 2302 434 2387 λελέχθαι
470 2297 560 2385 παρὰ
590 2298 626 2366 τό
661 2302 824 2367 πίνεσθαι
863 2297 900 2367 τὸ
940 2307 1059 2382 λῶπος.
1116 2306 1267 2371 Enatath.

162 2408 257 2488 1122,
281 2411 360 2468 7=
382 2405 439 2486 62,
462 2408 513 2467 45.
539 2402 650 2468 Ττολτ.
673 2403 754 2491 Lyo.
779 2406 851 2468 792.

244 2507 307 2591 Ap.
339 2504 489 2570 Eustath.
522 2503 565 2568 ad
594 2527 614 2566 α
647 2507 709 2569 329
743 2512 792 2568 est
811 2497 1011 2587 Ἀμειράκην
1037 2496 1267 2590 ἢἎρνακίαν,

156 2632 209 2695 ap.
242 2607 385 2671 Tzetzon
415 2600 581 2689 Ἀρναίαν.
609 2644 652 2653 -
692 2604 732 2684 Q.
764 2598 805 2669 οὐ
835 2599 899 2687 γὰρ
928 2603 981 2669 ἐπὶ
1009 2612 1168 2694 μερισμῷ.
1214 2608 1268 2673 Ad

158 2711 240 2775 haeo
261 2710 479 2773 Buttmannun
507 2731 539 2794 p.
566 2711 621 2771 171
649 2706 784 2770 adnotat
816 2705 967 2770 ‘MedioL
1001 2729 1019 2771 a
1041 2708 1081 2787 Q.
1104 2711 1191 2790 φασί
1195 2735 1204 2786 ;
1233 2710 1267 2772 in

155 2813 260 2876 Palat.
282 2813 442 2875 incertum
461 2811 548 2893 φησί
566 2830 608 2872 an
630 2810 723 2890 φασί.
767 2806 854 2871 Illud
875 2809 1030 2894 praetuli,
1052 2818 1089 2873 ut
1103 2809 1267 2895 Didymus

156 2914 217 2980 hoo
246 2914 344 2978 etiam
373 2911 546 2976 tradiderit
566 2918 598 2973 et
620 2908 750 2995 quidam
772 2910 806 2971 in
831 2907 925 2992 libro,
947 2911 1000 2975 oui
1021 2911 1135 2975 titulus
1158 2911 1266 2994 ἐπιμε-

156 3008 274 3101 ρισμὸς
296 3016 358 3079 τοῦ
379 3013 482 3096 μῆνιν
501 3005 592 3076 ἄειδε
612 3005 678 3074 θεά
697 3008 771 3074 coll.
790 3011 940 3077 Boiason.
964 3013 1068 3099 praef.
1087 3013 1130 3077 ad
1142 3012 1264 3077 Herod.

155 3118 251 3203 apim.
281 3139 314 3202 p.
344 3118 393 3178 9.'
416 3152 459 3162 -
480 3113 546 3178 Sed
573 3111 731 3176 eiusmodi
760 3111 878 3177 librum
906 3134 965 3178 auo
993 3115 1063 3179 iure
1093 3113 1188 3179 sibilo
1211 3136 1265 3178 ex·

153 3218 254 3304 plosit
267 3216 424 3281 Lohraius
447 3217 482 3279 in
494 3215 674 3280 Herodian.
696 3237 728 3301 p.
751 3216 813 3277 427
832 3213 921 3300 (coll.
940 3217 1001 3279 425
1009 3217 1053 3301 *),
1077 3215 1265 3304 quivellom

153 3316 311 3383 nonnulla
337 3316 539 3404 disputasset
569 3318 665 3381 etiam
698 3315 739 3380 de
759 3325 800 3379 et.
823 3338 866 3379 m.
888 3319 950 3380 493
958 3366 967 3399 ,
998 3319 1037 3380 22
1059 3318 1131 3383 ood.
1153 3317 1263 3381 Havn.

157 3423 233 3483 1971
261 3411 469 3504 Ἡρῳδιανός
496 3415 534 3482 ἕν
560 3418 730 3502 δευτέροις
753 3409 860 3482 αὐτοῦ
884 3415 1120 3501 ἐπιμερισμοῑς.
1147 3455 1187 3465 -
1210 3417 1264 3479 Do

154 3519 335 3604 Penelopea
357 3518 470 3583 fabula
488 3519 558 3583 dixi
577 3520 612 3582 in
633 3528 804 3586 comment.
827 3519 892 3601 IV,
918 3523 931 3580 1
956 3542 989 3605 p.
1013 3523 1043 3581 5.

693 3689 723 3749 3.

239 3806 341 3871 2509
369 3801 406 3867 ἐκ
430 3799 587 3883 Σκύρου·
620 3799 755 3883 Σκόρος
785 3801 853 3866 ἐστὶ
882 3798 978 3878 πόλις
998 3801 1178 3874 Δολοπίας.
1222 3798 1263 3878 Q.

152 3909 252 3975 Vind.
279 3908 336 3971 133
359 3902 449 3989 vulg.
471 3903 593 3966 Buttm.
617 3904 705 3968 Add.
728 3926 760 3989 p.
785 3907 846 3965 577
870 3901 1011 3967 conferri
1029 3898 1120 3963 iubet
1142 3906 1184 3962 ot.
1209 3921 1263 3973 m.‚

152 4012 210 4077 ubi
231 4014 249 4089 ξ
269 4004 461 4082 Ὀδυσσείας
487 4004 616 4090 legitur.
664 4003 778 4083 ‘Quod
805 4004 871 4066 nisi
899 4001 1005 4066 obiter
1034 4000 1069 4065 in
1090 4009 1261 4064 nommant.

151 4114 193 4178 ad
212 4115 229 4191 ξ
250 4109 439 4180 observavit
448 4106 613 4193 Didymus
636 4104 865 4190 corrigendum
887 4125 939 4187 ap.
960 4109 1058 4187 atym.
1081 4108 1132 4166 λ.’
1152 4101 1262 4165 Etiam

151 4235 333 4300 anonymus
354 4212 397 4276 ad
418 4220 460 4276 et.
485 4209 572 4275 Gud.
594 4232 626 4295 p.
654 4208 734 4270 1033
756 4204 802 4269 St.
826 4205 976 4286 adnotat,
999 4202 1096 4268 hodia
1119 4224 1185 4266 non
1203 4224 1259 4267 ox·

153 4324 239 4380 stare
260 4314 322 4379 hoo
349 4313 497 4380 scholion
518 4314 552 4375 in
582 4310 667 4375 libro
689 4307 832 4373 laudato.
876 4306 983 4370 Looua
1013 4303 1189 4391 etymologi
1211 4312 1262 4368 ost
