2932 5002
1192 342 1254 403 403

683 497 714 557 9.

225 605 279 670 Et.
309 629 352 670 m.
386 610 507 689 645,2
540 601 717 693 ὄχεσφιν
739 650 781 662 —
801 614 858 678 δεῖ
884 616 1103 704 γιγνώσκειν,
1132 615 1184 686 ὅτι
1215 621 1251 689 τὸ

140 701 282 790 ὄχεσφιν
304 706 359 772 καί
381 701 525 791 ὄρεσφιν
547 701 565 771 ὁ
588 706 652 793 μὲν
667 713 855 797 Δίδυμος
877 716 966 800 λέγει
984 720 1159 802 γεγονέναι
1184 717 1249 790 riui

139 813 196 891 τῆς
218 804 309 892 ὄχεσι
334 807 390 873 καί
414 802 508 891 ὄρεσι
534 812 669 894 δοτικῆς
693 816 762 877 τῶν
785 821 1027 899 πληθυντικῶν
1054 819 1127 886 κατ’
1153 822 1253 889 ίιτέν-

138 917 238 974 θεσιυ
274 913 336 974 τοῦ
369 934 406 991 φ.
452 911 506 975 Of.
538 912 657 977 Zonar.
694 918 769 978 1491
796 916 938 983 Pbaver.
974 921 1034 986 eel.
1058 944 1090 1007 p.
1113 927 1190 1006 334,
1212 929 1250 990 24

139 1010 272 1075 Velsen.
303 1012 344 1076 de
366 1012 498 1100 Tryph.
520 1038 552 1101 p.
576 1017 627 1079 52.
672 1015 834 1083 Pertinuit
861 1020 941 1086 haee
978 1023 1165 1089 observatio
1188 1026 1252 1091 for·

139 1121 226 1176 tasse
249 1112 291 1176 ad
314 1112 415 1178 libros
438 1113 515 1199 περὶ
537 1118 670 1180 παθῶν.

671 1290 720 1349 10.

220 1399 375 1488 Apellen.
412 1400 522 1465 Bekk.
557 1401 695 1466 aneedd.
725 1403 858 1484 11569,
884 1399 930 1467 15·
956 1394 1079 1472 άτᾶυ
1098 1433 1249 1494 -γεγε-

138 1503 263 1583 νῆσθαι
285 1498 322 1566 δὲ
352 1502 388 1566 οί
411 1499 472 1585 μὲν
492 1498 583 1585 παρὰ
606 1499 778 1587 ἑταιρικὴν
798 1503 1013 1591 ἐκφώνησιν,
1043 1502 1089 1587 ὡς
1115 1513 1252 1577 Δίδυ-

137 1625 214 1686 μος
237 1603 319 1686 ἔφη,
348 1601 404 1668 καί
429 1601 682 1688 παραλαμβάνει
705 1598 788 1669 αὐτὰ
816 1599 907 1688 παρά
929 1601 965 1670 τδ
990 1609 1065 1693 ἔτης
1084 1607 1167 1694 μετὰ
1187 1637 1251 1698 μο-

139 1707 215 1786 ρίου
249 1707 311 1767 rori
338 1727 364 1768 ω
397 1709 568 1788 κλητικού.
615 1705 723 1771 Schol.
755 1706 798 1771 ad
831 1707 914 1771 Plat.
945 1710 1030 1796 apol.
1055 1712 1145 1777 Soer.
1169 1715 1200 1797 Ι,
1223 1731 1250 1779 11

141 1809 209 1888 106,
229 1807 265 1869 13
285 1804 394 1870 Bekk.
416 1807 609 1889 Δίδυμος
631 1805 666 1871 δὲ
688 1803 725 1871 τὸ
749 1810 873 1890 πλῆρες
892 1802 980 1874 είναί
990 1802 1139 1895 φησινιό
1161 1816 1250 1899 ἔταυ,

137 1899 257 1988 άγνοεῖ
276 1901 321 1989 δ’,
345 1899 390 1985 ὡς
411 1902 486 1973 άιτὸ·
499 1912 560 1973 τοῦ
582 1910 656 1991 ἔιης
677 1900 697 1990 ἡ
721 1903 858 1992 κλητική
880 1908 971 1975 ἐστιν
984 1913 1040 1976 ἔτα
1062 1914 1117 1978 καὶ
1134 1924 1250 2001 Δαρι-

138 2011 205 2085 κεῐς
226 2009 314 2073 ἔταν.
361 2010 414 2092 Of.
437 2009 528 2075 Suid.
549 2032 575 2074 s.
598 2031 630 2073 v.
661 2007 792 2072 Hellad.
818 2009 955 2075 Chrest.
969 2035 1001 2098 p.
1027 2018 1046 2078 6
1069 2013 1170 2087 schol.
1190 2017 1248 2081 Ar.

137 2108 223 2174 Plut.
259 2114 299 2174 66
329 2109 479 2175 Eustath.
501 2113 557 2194 24,
598 2115 646 2173 17.
692 2109 730 2172 L.
751 2108 992 2176 Doederleinus
1013 2114 1048 2176 in
1071 2114 1248 2200 aphorism.

136 2232 273 2294 gramm.
297 2211 362 2277 lex.
385 2214 457 2277 crit.
480 2212 631 2299 (Erlang.
660 2214 749 2276 1848.
774 2212 819 2298 4.)
850 2199 891 2274 ei'
916 2217 978 2278 τᾶν
1003 2236 1023 2277 a
1046 2217 1249 2282 nominativo

138 2308 252 2393 ἐτήεις,
272 2302 400 2376 Nauck.
414 2315 448 2377 in
461 2314 546 2377 Mus.
570 2312 718 2377 Rhenan.
740 2314 819 2375 1848
838 2335 869 2398 p.
888 2318 949 2378 343
969 2315 1011 2379 ab
1031 2302 1060 2377 ei
1081 2304 1184 2380 τάλαν
1196 2317 1250 2382 de·

137 2413 224 2475 rivat
254 2413 310 2498 (ef.
343 2412 422 2476 Hes.
458 2402 485 2476 ά
516 2400 690 2477 ιιονειό
721 2411 853 2493 πέπον).
901 2411 953 2476 Of.
988 2415 1029 2477 A.
1052 2414 1184 2480 Velsen.
1208 2417 1249 2481 de

138 2512 306 2602 Tryphon.
329 2537 360 2600 p.
380 2516 431 2576 49.
455 2517 505 2595 511,
529 2515 583 2601 qui
606 2514 640 2576 in
663 2510 854 2576 Philemone
875 2535 906 2597 p.
931 2514 993 2574 220
1022 2536 1081 2600 pro
1102 2520 1249 2600 Δείναρ-

137 2638 195 2699 χος
216 2625 304 2681 reete
326 2615 463 2701 Didymi
486 2636 603 2678 nomen
625 2614 777 2677 restituit.
814 2612 943 2678 Ibidem
964 2637 1024 2700 pro
1047 2611 1137 2697 παρά
1159 2619 1251 2701 Κτη-

138 2719 282 2799 σιφῶντι
305 2716 377 2798 fuit,
395 2716 429 2778 ni
445 2714 551 2797 fallor,
574 2713 783 2799 παράχρησιν
804 2704 991 2797 φιλοῦντεςΙ
1004 2720 1060 2800 (z
1072 2717 1251 2801 παραχρώ-

138 2818 260 2904 μενοι).
297 2815 419 2882 Contra
434 2818 585 2899 Δίδυμος
608 2815 733 2903 expulit
755 2819 885 2898 Δίομον
908 2816 1090 2882 in'Beehm.
1112 2819 1248 2884 aneedd.

140 2921 216 3001 235,
246 2921 280 2980 11
306 2918 586 2982 animadvertente
609 2917 755 2982 Prellero
777 2918 812 2980 in
835 2915 958 2982 Polem.
981 2942 1013 3005 p.
1041 2911 1109 2983 117.
1156 2918 1249 2983 Alias

139 3020 339 3106 corruptelas
367 3019 512 3083 eiusdem
540 3021 682 3085 nominis
711 3040 809 3105 supra
834 3018 945 3102 attigi:
975 3019 1121 3102 δίδευσι,
1151 3022 1190 3086 δέ
1208 3045 1250 3106 με

138 3119 264 3205 θυμός,
288 3118 457 3205 ποταμόν,
480 3116 677 3203 Δάρδανος,
697 3121 877 3202 Πίνδαρος.
915 3176 923 3187 ,

673 3292 720 3351 11.

224 3406 384 3473 Choerob.
407 3408 457 3472 ed.
481 3405 587 3471 Gaias.
611 3406 676 3471 vol.
700 3405 717 3468 Ι
736 3428 768 3492 p.
787 3409 842 3486 75,
864 3408 904 3467 20
927 3444 969 3453 -
988 3400 1024 3467 τὸ
1043 3404 1159 3487 μέντοι
1182 3407 1251 3470 Νί-

138 3512 208 3582 διψ
234 3513 280 3595 τῷ
306 3504 395 3594 λόγφ
423 3510 491 3571 τῶν
511 3509 698 3590 μετοχικῶν
725 3500 781 3568 διὰ
810 3508 873 3569 τοῦ
899 3529 938 3568 ντ
959 3507 1064 3568 κλίνει
1086 3503 1250 3588 Κόριννα,

139 3601 213 3673 οἷον
233 3609 412 3683 Νίδοντος.
447 3607 482 3669 ot
502 3607 538 3669 δὲ
560 3609 636 3689 περί
657 3607 850 3686 Δίδυμον
872 3602 926 3667 καὶ
946 3598 1090 3667 Ἀτιίωνα
1112 3600 1168 3668 διὰ
1189 3610 1251 3671 τοῦ

139 3731 165 3772 ω
188 3700 574 3788 κλίνουσιυ-άυαλόγας,
599 3698 674 3770 οἷον
696 3703 1008 3789 Nttevogfflekk.
1037 3704 1174 3769 anecdrl.
1198 3704 1251 3769 III

164 3859 171 3873 .
199 3812 305 3874 1393.
468 3823 471 3829 ’

140 3834 161 3897 p
226 3810 341 3998 Ste)pb.'
358 3909 440 3996 Byz.
460 3912 538 3989 471,
565 3910 601 3968 15
626 3907 772 3969 κλίνεται
790 3903 827 3969 δὲ
850 3903 1029 3980 Νὲδοντος.
1075 3902 1186 3968 Tzetz.
1210 3904 1252 3967 ed

138 4010 303 4098 Lycophr.
332 4033 364 4074 v.
395 4013 456 4073 374
496 4007 588 4073 Ourt.
616 4004 794 4092 Peloponn.
825 4006 858 4068 11
889 4029 920 4091 p.
949 4009 1006 4067 155
1033 4027 1103 4090 sqq.
1136 4026 1167 4088 p.
1193 4007 1251 4066 193

138 4137 170 4177 n.
195 4116 246 4177 32.
270 4151 312 4160 —
330 4108 538 4190 ῬΔιὸδωρον
559 4109 613 4172 καί
635 4101 791 4189 Ἀετίωνα,
814 4107 857 4170 ef.
881 4105 1038 4171 Ritsebel.
1059 4105 1156 4168 Alex.
1171 4103 1250 4167 bibl.

139 4239 170 4302 p.
198 4219 269 4285 145.

978 4258 1043 4365 ιιι
