2948 5024
589 422 788 481 ——O-
1189 421 1248 482 157

219 594 292 654 451).
316 590 417 672 διχιός
436 582 659 670 Ἀρίσταρχος,
681 584 735 650 καὶ
758 584 907 673 ίεμένφ
931 587 985 651 καὶ
1002 588 1188 672 ίεμένων.
1205 589 1246 652 A.

225 693 309 780 [451.
333 686 473 757 ὄπισθε·
492 683 736 772 Ἀριστοφάνης
760 686 923 771 πρόσθε
947 685 1080 773 γράφει.
1104 691 1158 757 καὶ
1180 695 1247 757 ἔστι

135 799 265 879 μᾶλλον
288 790 429 876 εύλογος
449 786 470 876 η
492 786 617 874 γραφη.
640 789 694 878 V.]

220 900 293 960 459.
336 892 693 979 Ζηνόδοτοςμάχης,
726 886 821 957 άλλοι
844 888 880 956 δὲ
903 889 1054 976 μάχην·
1089 889 1249 977 καὶἈρι-

137 994 308 1082 στοφάνης
330 997 367 1062 δὲ
389 993 533 1081 μάχην.
556 997 598 1060 Α.

220 1104 294 1164 470.
318 1094 492 1184 ἀμφότερα
510 1097 707 1183 γράφεσθαί
720 1116 825 1181 φησιν
840 1091 858 1160 ὁ
872 1091 1091 1181 Ἀρίσταρχος,
1110 1095 1250 1186 πρῴην

136 1202 190 1267 καὶ
213 1197 392 1283 πρώϊον,
420 1195 545 1265 ταύτδν
574 1197 610 1264 δὲ
633 1200 666 1277 ἐξ
689 1198 848 1283 ἑκατέρου
870 1203 1105 1283 σημαίνεσθαι.
1148 1195 1249 1283 εύρο-

136 1327 199 1389 μεν
227 1304 264 1368 δὲ
292 1301 347 1368 καὶ
373 1301 611 1386 ίύστροφον
633 1301 880 1386 γεγραμμένον,
913 1301 968 1366 καί
990 1303 1056 1385 ἔχει
1079 1297 1155 1368 τινά
1176 1303 1250 1369 έπί-

141 1424 249 1471 τασιν.
272 1406 315 1471 A.

218 1511 291 1572 531.
336 1499 493 1589 ἤγαγεν
525 1503 563 1582 ἐξ
592 1500 786 1589 Ἐφύρης·
821 1505 859 1570 έν
889 1502 980 1594 άλλφ
1011 1503 1180 1592 ἠγάγετ’
1210 1506 1249 1585 ἐξ

132 1605 322 1693 Ἐφύρης.
366 1608 519 1671 Fortasse
540 1606 740 1693 Didymeum
761 1616 828 1691 σοις
851 1611 996 1695 sequitur
1018 1611 1104 1673 enim
1125 1613 1250 1675 Aristo-

136 1714 241 1777 nicus.
276 1706 329 1776 'Ev
351 1707 442 1797 άλλφ
463 1711 496 1773 in
520 1709 651 1773 scholiis
670 1709 845 1796 Didymoio
865 1711 986 1797 legitur
1003 1718 1031 1777 Z
1048 1715 1108 1777 248
1132 1718 1161 1778 Θ
1178 1717 1248 1777 1113.

140 1818 198 1879 137
224 1818 311 1880 νον
333 1818 364 1879 ο
386 1818 459 1877 535.
483 1816 545 1896 εεο
569 1812 617 1898 (Σ
636 1814 725 1899 265).

221 1921 294 1981 563.
317 1913 418 2001 χωρὶς
439 1918 501 1979 τοῦ
520 1914 713 1998 συνδέσμου
736 1917 885 1997 ἔγραφεν
901 1908 1111 1999 Ἀρίσταρχος
1135 1917 1249 1982 αἰδο-

136 2019 273 2102 μένων
292 2012 473 2100 άνδρῶν,
498 2013 631 2106 πάντως
645 2017 701 2081 ίνα
719 2011 904 2094 ἀσύνδετος
915 2015 1097 2102 γενόμενος
1113 2013 1131 2084 ὁ
1148 2018 1248 2103 λόγος

137 2120 240 2184 πλέον
261 2143 296 2185 τε
318 2120 436 2204 διαστῇ
458 2116 659 2202 καὶμᾶλλον
680 2117 823 2206 έμφήνη.
867 2115 962 2186 ἄλλοι
982 2118 1019 2185 δὲ
1040 2120 1121 2204 μετά
1143 2126 1206 2187 τοῦ
1227 2125 1248 2188 δ

138 2222 369 2305 αἰδομένων
389 2216 419 2285 δ’
444 2215 625 2302 ἀνδρῶν.
648 2224 689 2286 A.

221 2329 294 2389 601.
314 2318 556 2407 Ἀριστοφάνης
573 2326 650 2410 (εἰσ)
670 2324 791 2408 μέλλε
805 2319 925 2402 Ίααῶς.
948 2329 988 2390 Α.
1032 2324 1149 2390 Nonne
1159 2320 1248 2408 Ἀρί-

135 2427 300 2509 σταρχος2
324 2425 398 2490 Non
420 2425 556 2490 offendit
574 2425 704 2490 Nauck.
726 2427 785 2490 Ar.
808 2427 890 2513 Byz.
913 2451 945 2514 p.
967 2430 1018 2492 42.

218 2533 387 2609 [oio-15.
399 2522 533 2592 -ούδὲ
553 2523 642 2608 παρά
656 2526 837 2615 Ζηνοδότῳ
859 2527 896 2591 δὲ
918 2517 1004 2611 ἦσαν
1020 2528 1054 2591 οί
1066 2529 1174 2592 πέντε.
1193 2528 1247 2608 V.]

222 2633 294 2695 621.
319 2624 474 2713 αύτήν·
504 2624 612 2707 οὕτως
629 2624 840 2714 Ἀρίσταρχος
860 2625 942 2713 μετά
963 2633 1025 2694 τού
1043 2653 1080 2713 ν,
1104 2627 1167 2713 τὴν
1188 2630 1247 2693 πέ-

136 2756 228 2816 τραν.
251 2734 293 2796 Α.
318 2732 370 2796 Of.
393 2732 462 2797 BL.

219 2834 471 2899 7626.-ἔνιοι
498 2831 534 2898 δὲ
557 2828 762 2915 άγνοούντες
784 2836 920 2898 ποιοῦσι
944 2835 964 2898 δ
971 2829 1084 2910 εινός
1104 2827 1153 2917 άή
1161 2856 1247 2916 της·

135 2930 215 3001 ἀλλ’
239 2932 281 3000 ού
302 2937 356 3001 δεῖ
374 2934 520 3019 γράφειν
541 2930 659 3013 οὕτως.
684 2937 725 3001 A.
763 2936 1038 3002 Friedloeudorus
1060 2937 1248 3001 Aristonico

136 3036 250 3100 tribuit
273 3061 305 3124 p.
320 3040 398 3121 254;
420 3038 500 3102 mihi
516 3038 716 3125 Didymeum
739 3038 869 3103 videtur
889 3048 1022 3126 propter
1037 3063 1092 3104 vv.
1112 3040 1195 3104 ἔνιοι
1211 3039 1246 3103 δὲ

137 3141 272 3201 ποιοῦσι
293 3141 584 3224 (μεταποιούσι2);
605 3140 648 3204 of.
671 3145 703 3203 A
722 3143 796 3204 423.

222 3242 294 3304 645.
328 3235 399 3305 κατ’
436 3243 509 3306 ἔνια
536 3245 605 3307 τῶν
632 3237 852 3327 άντιγράφων
876 3244 975 3327 χωρὶς
994 3247 1061 3308 τοῦ
1089 3267 1113 3309 π
1139 3232 1245 3308 ἆλτο.

135 3342 236 3424 διχιὸς
258 3340 294 3406 δὲ
316 3337 353 3408 τὸ
374 3348 626 3429 στρεφθείς,
649 3343 705 3410 διὰ
724 3350 786 3411 τοῦ
808 3370 829 3410 α
850 3346 904 3411 καὶ
927 3342 983 3412 διά
1001 3350 1063 3410 τοῦ
1086 3371 1111 3411 ε.
1135 3346 1176 3409 A.

222 3447 293 3509 694.
328 3439 508 3512 άίσσων·
543 3472 596 3532 γρ.
620 3442 759 3527 άίξας·
790 3444 1002 3533 Ἀρίσταρχος
1026 3443 1171 3522 άντίος
1193 3443 1248 3510 διὰ
1361 3450 1366 3455 ’

136 3549 197 3609 τοῦ
219 3561 251 3610 σ.
280 3547 323 3610 Α.

220 3635 373 3728 στ’ρσεν·
392 3641 603 3733 Ἀρίσταρχος
625 3644 751 3735 ὦσεν,
774 3651 874 3736 χωρὶς
897 3655 958 3717 τού
980 3675 1011 3732 ρ.
1037 3654 1078 3715 Α.

222 3750 294 3810 712.
324 3748 406 3811 Inde
428 3749 470 3813 ab
493 3744 510 3813 ὁ
535 3751 572 3815 δὲ
594 3753 779 3829 Διονύσιος
801 3754 889 3818 haud
910 3753 978 3816 scio
999 3774 1041 3815 un
1064 3749 1168 3815 verba
1188 3750 1247 3813 Di-

135 3850 225 3936 dymi
245 3849 319 3912 sint.
365 3848 439 3913 Nou
459 3851 586 3916 accedit
605 3853 644 3917 L.
668 3853 914 3918 Friedlaender.
937 3875 969 3938 p.
994 3854 1066 3915 255.

222 3955 294 4015 714.
318 3950 467 4014 πέσον·
492 3945 601 4042 οὕτως
623 3948 679 4018 διά
701 3956 763 4017 τοῦ
785 3977 803 4017 o
825 3954 959 4018 πέσον.
987 3952 1029 4015 Α.

223 4056 295 4117 737.
317 4047 542 4138 ούμέντις·
557 4048 878 4138 Ἀρίσταρχοςχωρὶς
893 4048 1133 4136 τούσούμέν
1148 4076 1193 4117 τι.
1205 4052 1246 4117 A.

225 4160 296 4220 741.
317 4150 425 4235 οὕτως
443 4148 654 4243 Ἀρίσταρχος
672 4153 739 4221 σύν
760 4161 805 4243 τῷ
827 4183 839 4223 ι
861 4162 1054 4241 μειλιχίῃ.
1077 4156 1118 4219 A.
