2962 5024
680 424 871 482 ..χ-

306 570 358 628 41.
390 565 551 653 χρυσέφ
573 565 616 630 έν
638 566 773 631 δέπαϊ·
793 568 914 651 χωρὶς
934 573 996 633 τοῦ
1018 569 1056 633 έν
1078 571 1115 635 αί
1125 566 1340 657 Ἀριστάρχου

224 667 279 731 καὶ
302 663 422 750 σχεδόν
445 660 570 731 ἅπασαι
591 668 754 756 χρυσέῳ
777 671 798 733 δ
806 669 908 734 έπαί.
931 669 1025 734 Harl.

312 773 363 832 50.
395 760 578 833 τοῦνεκά
603 784 687 832 σοι·
710 807 753 817 -
777 768 967 853 Ζηνόδοτος
997 770 1035 836 δὲ
1063 767 1245 838 τοῦνεκά
1272 798 1338 839 τοι

222 867 365 955 γράφει,
404 873 497 935 νοῶν
530 863 581 933 ὅτι
614 868 667 934 ἐπὶ
696 873 755 952 τῆς
785 872 964 954 διαστολῆς
994 871 1290 959 παραλαμβάνεται
1317 869 1336 939 ὁ

223 974 284 1034 τοί.
312 972 353 1051 Q.

307 1076 358 1135 71.
380 1070 604 1135 Aristonicum
625 1071 704 1134 mihi
727 1073 884 1136 exaudire
906 1075 1031 1139 videor.

308 1175 377 1236 178.
401 1168 608 1254 ἐννύχιαι·
632 1173 669 1236 al
682 1165 814 1237 Ῥιανού
836 1173 1028 1258 γράφουσιν
1052 1173 1213 1261 ἐννύχιοι.
1242 1177 1336 1241 Harl.

224 1273 304 1338 cod.
327 1272 490 1358 αίρειαυολ
512 1296 578 1356 γρ,
599 1295 651 1336 em
672 1273 764 1336 Pors.

309 1377 379 1439 199.
421 1373 476 1439 καὶ
502 1371 562 1458 σό,
585 1368 758 1457 Ἀλκιμος·
799 1369 888 1456 παρά
918 1370 1151 1462 Ἀριστοφάνει
1184 1386 1325 1462 προηθε·

222 1479 344 1541 τούντο
367 1473 430 1541 δύο
454 1479 568 1558 στίχοι.
606 1474 642 1540 ἐκ
666 1471 731 1559 γὰρ
752 1473 938 1559 τοῦλόγου
961 1481 1019 1562 τῆς
1038 1473 1182 1563 Ἀθηνᾶς
1204 1480 1239 1567 (α
1258 1480 1334 1567 301)

103 1599 107 1608 “
221 1574 439 1663 μετήχθησαυ
458 1573 592 1643 ἐνθάδε.
618 1578 658 1658 Q.
684 1577 807 1665 (Harl.)

305 1683 377 1744 216.
396 1680 489 1745 Harl.
509 1681 696 1758 Aristonico
718 1678 837 1745 tribuo.
859 1678 936 1745 Vid.
953 1681 1134 1746 Ducntzer.
1153 1681 1195 1746 de
1208 1678 1332 1745 Zenod.

222 1782 306 1847 studz
330 1781 427 1845 Hom.
448 1805 480 1869 p.
499 1787 550 1847 30.
570 1786 621 1847 96.
639 1788 668 1845 7.
690 1782 782 1846 Idem
804 1790 910 1846 statuo
931 1782 971 1847 de
993 1806 1025 1848 v.
1048 1786 1120 1866 228,
1143 1805 1207 1870 qua
1227 1780 1335 1847 oblata

220 1886 392 1948 occasione
414 1884 615 1968 retractabo,
650 1907 733 1971 quae
762 1884 809 1964 de
823 1887 983 1971 corruptis
1006 1886 1116 1950 verbis
1140 1882 1176 1949 δὲ
1200 1889 1278 1957 ἴσως
1299 1881 1333 1944 in

220 1984 320 2049 schol.
344 1985 388 2049 ad
412 1988 472 2050 230
492 1987 614 2073 protuli
635 1989 669 2051 in
691 1985 853 2070 Philolog.
862 1985 930 2049 VII
947 2009 979 2072 p.
992 1990 1065 2051 374.
1086 1986 1220 2051 Excidit
1228 1983 1332 2047 Zeno-

107 2175 110 2181 ‚
221 2086 291 2150 doti
313 2107 430 2151 nomen
453 2098 526 2174 post
549 2081 702 2171 ὁστίχος.
726 2088 791 2151 Hic
814 2088 900 2151 enim
923 2089 1099 2172 scripserat
1115 2109 1133 2152 c
1148 2086 1333 2151 coniectura

223 2188 254 2250 εί
273 2185 318 2270 μὴ
341 2188 417 2252 θεοί
439 2182 484 2266 τός
505 2189 666 2255 ἐθέλοιεν.
690 2185 850 2274 Περιήρει
872 2190 1007 2253 retineo.

305 2291 376 2353 246.
409 2284 656 2370 ἀθανάτοις·
688 2287 930 2375 Ἀριστοφάνης
961 2291 1080 2368 ἑνικῶς
1111 2283 1330 2363 ἀθάνατος.

220 2389 314 2454 Harl.
361 2389 555 2479 Suspectum
572 2393 653 2458 mihi
675 2393 907 2479 Aristophanis
929 2415 1057 2458 nomen.
1092 2389 1217 2458 Cedere
1234 2387 1332 2452 iubeo

221 2493 423 2558 Aristarcho.

303 2596 376 2659 289.
408 2597 508 2680 διχῶς
537 2596 748 2680 Ἀρίσταρχος
774 2595 927 2679 λιγέων
949 2593 1007 2679 δέ,
1030 2591 1084 2657 καὶ
1107 2591 1259 2673 λιγέων
1278 2590 1329 2654 τέ.

221 2696 314 2760 Harl.

307 2797 391 2885 [290.
419 2793 629 2883 Ἀρίσταρχος
651 2796 774 2882 γράφει
797 2792 981 2881 τροφόεντο
1004 2795 1101 2879 (corr.
1123 2794 1212 2857 Pors.
1235 2813 1332 2871 τρο-

219 2897 377 2980 φέοντο
397 2922 415 2964 e
435 2898 541 2987 vulg.)
564 2896 639 2965 ἀντὶ
653 2904 715 2965 τοῦ
737 2893 933 2983 ηόξάνοντο.
955 2895 1061 2978 Harl]
1085 2892 1230 2981 Hesych.
1252 2914 1332 2977 τρο-

219 2996 346 3080 φόεντα
369 3010 401 3064 et
415 3005 614 3083 τροφιούται
637 3000 780 3066 exhibet.

303 3102 374 3164 303.
409 3108 438 3164 4.
476 3102 568 3167 Harl.
604 3103 643 3183 Q.
678 3105 715 3167 έν
743 3121 809 3167 τισι
832 3103 900 3165 των
929 3094 1098 3162 έκδόσεων
1131 3090 1194 3161 οὐκ
1231 3085 1327 3179 ἦσαν.

221 3199 315 3278 Quac
343 3212 523 3287 sequuntur
546 3205 768 3269 Aristonicum
802 3203 971 3288 scripsisse
999 3223 1052 3264 res
1081 3202 1152 3286 ipsa
1177 3198 1331 3284 loquitur.

304 3304 375 3365 304.
402 3301 599 3389 δέδμητο·
616 3299 826 3389 Ἀρίσταρχος
847 3304 1071 3388 δέδμηντο,
1092 3294 1137 3377 ὡς
1156 3293 1178 3384 ἡ
1195 3293 1332 3383 πληθὺς

220 3395 406 3468 ἀπονέοντο
428 3409 580 3494 (0305).
604 3407 644 3489 Q.
665 3406 757 3471 Harl.

300 3508 372 3568 307.
417 3500 471 3585 άφ
504 3502 557 3573 άπ
583 3506 827 3592 Ἀθηναίων·
862 3502 1052 3589 Ζηνόδοτος
1075 3496 1123 3579 ἂψ
1154 3495 1219 3565 άπὸ
1250 3503 1331 3564 Φω-

219 3599 322 3687 κήων.
342 3599 552 3692 Ἀρίσταρχος
574 3603 621 3687 ἂν
643 3604 702 3674 ἀπ’
723 3604 912 3692 Ἀθηναίης,
933 3600 978 3683 ὡς
1000 3606 1071 3670 έκεϊ
1090 3606 1126 3689 (η
1142 3605 1197 3683 80)
1221 3603 1330 3666 εἵκετο

217 3702 249 3768 δ’
274 3710 321 3784 είς
341 3705 546 3792 Μαράθωυα
567 3712 621 3777 καλ
645 3705 853 3793 εὐρυάγυιαν
871 3703 1041 3792 Ἀθήνην.’
1070 3705 1163 3770 Harl.

307 3811 378 3872 327.
402 3805 551 3877 αὐτόν·
566 3808 777 3896 Ἀρίσταρχος
799 3803 934 3886 αὐτός.
957 3810 1049 3874 Harl.

304 3908 402 3972 ?335.
425 3907 616 3994 Ζηνόδοτος
638 3907 773 4000 ᾤχετο.
793 3911 885 3976 Harl.

216 4110 248 4172 H
288 4012 373 4175 l367.
414 4003 623 4098 Ἀρίσταρχος
662 4017 818 4097 χρείως.
859 4008 1001 4078 δύναται
1032 4007 1070 4076 δὲ
1096 4008 1150 4075 καὶ
1183 4017 1328 4091 χρεῖος.

250 4132 309 4174 ar.

301 4213 399 4278 ?368.
443 4211 515 4277 ἐπεὶ
543 4208 919 4294 τεὸνίκετοδοῖμα·
959 4208 1150 4293 Ζηνόδοτος
1183 4208 1254 4273 ἐπεὶ
1282 4206 1330 4271 τὰ

216 4308 265 4374 σά
285 4309 464 4393 γούναθ’
487 4311 639 4378 ἱκάνει.
661 4312 753 4377 Harl.
779 4312 819 4393 Q.
841 4314 1017 4377 Ducntacr.
1038 4335 1069 4398 p.
1090 4315 1159 4376 113.
