2962 5024
1179 401 1236 464 221

132 578 219 634 melle
260 576 443 646 nutrierant,
485 574 565 632 ande
586 577 704 648 poetica
734 578 787 635 iiia
809 575 918 647 sabaia
941 576 1084 647 orioiaem
1111 576 1243 648 sumpsit,

134 677 289 735 advolasse
312 693 392 750 apes,
416 682 504 750 atque
525 693 557 735 os
572 679 673 751 paeri,
692 680 778 736 melle
799 679 965 750 complesse.
1002 671 1151 734 Melissam
1173 692 1243 735 vera

131 784 260 851 epatre
282 780 416 851 primam
442 780 626 838 sacerdotem
654 779 757 838 Matri·
777 795 905 854 maenae
927 780 1127 848 coastitatam,
1163 778 1243 836 ande

129 880 231 938 adhoc
251 882 382 940 eiusdem
403 880 514 940 Matris
534 884 676 942 antistites
699 882 841 941 Melissae
859 885 1081 954 nuncupantur.
1108 880 1242 938 Historia

130 997 199 1040 aero
220 999 310 1042 saera
333 983 394 1059 (sc.
413 978 603 1060 Euhemeri)
628 992 752 1044 testator
775 988 807 1043 et
827 1002 857 1066 q.
882 1001 908 1042 ε.
930 983 981 1042 Sio
1001 984 1157 1041 constituta
1174 991 1242 1040 suat

130 1088 240 1157 templa
259 1084 324 1142 ΙοντΙ
343 1085 492 1159 dietario,
513 1086 580 1144 Ioai
592 1087 758 1147 Labradeo.
793 1087 953 1161 Atabyrios
972 1088 1049 1144 enim
1071 1091 1101 1142 et
1120 1085 1242 1143 Labra-

131 1184 204 1243 deas
226 1186 352 1259 hospites
374 1188 437 1244 eias
464 1194 553 1261 atqae
580 1190 731 1249 adiutores
759 1192 790 1248 ia
812 1190 886 1248 bello
905 1188 1040 1260 saeraat.
1081 1187 1157 1247 Item
1180 1186 1245 1246 Ιονι·

129 1284 288 1359 Lapersa,
310 1283 396 1369 (cod.
417 1284 555 1370 Laprio,
585 1285 723 1372 Gyrald.
748 1287 887 1350 Betulei.
911 1286 995 1351 coni.
1019 1284 1173 1369 Elaphro,
1198 1283 1241 1348 cf.

131 1380 222 1445 Curi.
247 1382 424 1470 Peloponn.
448 1384 513 1449 vol.
530 1386 564 1448 ΙΙ
586 1409 617 1472 p.
635 1390 696 1449 324
719 1409 751 1450 n.
768 1389 822 1473 62)
843 1392 909 1451 Iovi
925 1392 1057 1463 Molioni,
1079 1391 1144 1449 ΙονιΙ
1164 1391 1241 1450 Cas·

128 1489 171 1546 sio
191 1495 221 1546 et
241 1507 319 1563 qaae
338 1499 408 1550 sant
427 1494 457 1550 ia
479 1494 604 1552 eandem
626 1495 744 1552 aradam
772 1498 804 1552 et
827 1512 858 1574 q.
882 1512 907 1553 s.
929 1493 996 1552 Sive
1018 1495 1110 1566 iqitar
1128 1509 1148 1550 a
1170 1491 1242 1551 Me-

127 1591 221 1663 lissea,
243 1593 288 1650 sic
308 1599 341 1650 at
357 1593 553 1668 Didymos,
576 1597 766 1655 colendoram
785 1597 914 1654 Deorum
936 1599 1012 1654 ritas
1035 1595 1163 1668 effluxit,
1182 1597 1242 1652 siae

129 1692 167 1750 ab
187 1694 253 1766 ipso
274 1709 389 1767 qaoque
413 1695 492 1768 Iove,
513 1703 546 1754 at
560 1697 792 1757 Euhemerus
813 1698 914 1769 tradit,
937 1698 975 1756 de
995 1704 1124 1770 tempore
1145 1702 1242 1755 tamen

129 1800 251 1865 coastat,
273 1796 395 1868 quando
420 1797 472 1856 Dii
488 1801 547 1858 ooli
565 1800 724 1873 eoeperiat.

215 1890 268 1953 De
290 1891 424 1955 Melissa
445 1902 477 1956 et
493 1894 628 1960 Melisso
651 1897 735 1960 dixit
750 1897 895 1961 Lobeek.
913 1899 947 1959 in
963 1894 1126 1980 Aglaoph.
1140 1916 1171 1979 p.
1189 1898 1240 1957 50.

129 1994 202 2054 514.
226 1996 299 2057 817.
319 1996 447 2058 989.-
463 1996 608 2061 Boeckh.
631 1998 734 2085 praef.
757 2022 789 2085 p.
811 1998 930 2063 XVIII
953 1998 1060 2061 locum
1083 1996 1125 2060 ad
1144 1995 1240 2082 Pyth.

130 2093 180 2156 IV
205 2098 264 2157 104
285 2095 397 2162 refert.
983 2152 986 2157 ·

657 2241 705 2300 15.

214 2348 266 2412 Ol.
291 2352 327 2412 H
346 2349 443 2417 inser.
466 2375 498 2438 p.
526 2356 584 2417 187
622 2354 804 2438 γέγραπται
831 2348 849 2417 ό
879 2321 1041 2428 ἐπινίκιος
1068 2372 1241 2433 προηγου-

130 2448 240 2533 μένως
265 2453 310 2537 τῷ
331 2443 557 2535 Ἀλκιμέδοντι
586 2451 681 2517 παιδὶ
706 2458 871 2538 παλαιστῇ
894 2450 1069 2535 νικήσαντι
1098 2448 1159 2532 την
1180 2445 1241 2532 ‹iy-

131 2545 318 2633 δοηκοστὴν
345 2546 569 2635 Ὀλυμπιάδα,
601 2556 762 2638 μέμνηται
789 2554 826 2620 δὲ
855 2549 873 2618 ὁ
900 2555 1070 2635 Πίνδαρος
1097 2550 1152 2614 καὶ
1178 2552 1240 2612 τοῦ

131 2647 285 2733 ἀδελφοῦ
318 2647 426 2717 αύτού
459 2657 692 2737 Τιμοσθένους
719 2656 832 2740 Νέμεα
860 2649 1060 2737 νικήσαντος
1092 2651 1147 2715 καί
1180 2653 1241 2714 τοῦ

130 2748 290 2819 όλείτττου
322 2749 430 2818 αύτού
459 2759 652 2838 Μελησίου,
681 2752 725 2832 ὥς
751 2779 840 2833 τινες
871 2751 926 2819 καὶ
959 2755 1238 2834 παγκρατιαστοῦ.

132 2865 200 2931 τοῖς
219 2850 282 2938 γὰρ
307 2858 412 2939 τρισί,
440 2851 584 2939 φησὶνὸ
608 2859 813 2941 Δίδυμος,
836 2862 915 2942 μίαν
936 2849 1028 2944 ᾠδὴν
1048 2851 1205 2937 γέγραφε.

663 3031 711 3091 16.

214 3141 267 3208 Ol.
298 3144 390 3208 034
420 3165 451 3228 p.
475 3144 536 3204 212
568 3149 765 3227 μαλεραῖς
791 3142 1030 3225 ἐπιφλέγων
1056 3138 1237 3217 ἀοιδαῖς·

130 3236 209 3306 -ὁ
238 3242 280 3307 δὲ
306 3245 495 3328 Δίδυμος
522 3238 597 3308 ἀντὶ
624 3248 687 3310 τού
713 3250 884 3330 μαλακαῖς.
923 3244 978 3309 καὶ
1004 3238 1070 3329 γὰρ
1099 3240 1239 3325 ἑτέρωθι

130 3342 398 3428 μαλακοφιόνονς
420 3341 478 3422 τὰς
500 3339 588 3433 ᾠδάς
612 3365 718 3430 φησιν
742 3347 836 3434 (Isth.
854 3347 947 3430 118).
970 3346 1063 3410 Vrat.
1087 3344 1128 3408 A.
1140 3344 1238 3424 Male,

130 3455 165 3510 ut
187 3448 349 3512 adiectum
371 3446 562 3530 ἐπιφλέγων
579 3450 683 3515 docet.
798 3436 800 3440 Α

660 3604 708 3664 17.

217 3712 297 3777 ibid.
320 3716 360 3775 43
381 3736 414 3799 p.
435 3717 495 3778 213
527 3717 619 3792 ἰδίως
638 3710 815 3781 κάνταῦθα
836 3709 854 3779 ό
875 3716 1045 3798 Πίνδαρος
1067 3707 1241 3794 τὸνἩρα-

131 3812 211 3878 κλὲα
229 3812 311 3896 φησὶ
330 3824 399 3891 τοῖς
416 3812 503 3897 τρισὶ
524 3819 709 3898 πολεμῆσαι
733 3823 837 3893 θεοῖς.
873 3812 1030 3880 δεδόσθω
1053 3809 1117 3896 γὰρ
1139 3806 1241 3898 αύτῷ,

131 3915 235 3999 φησὶν
262 3908 280 3981 ὁ
303 3917 505 3999 Δίδυμος,
532 3915 608 4000 περὶ
630 3911 693 3999 τὴν
715 3911 782 3981 ὑπὸ
804 3921 850 4005 τῷ
872 3908 1016 4000 Νέστορι
1037 3912 1155 3980 Πύλον
1178 3930 1242 3977 συ-

133 4021 250 4101 στῆναι
273 4011 334 4082 τόν
356 4013 515 4099 πόλεμον,
531 4009 679 4100 Ὁμήρου
701 4024 746 4103 (Ε
764 4019 840 4104 397)
863 4012 926 4099 τὴν
947 4011 1113 4082 ἕν”Αιδου
1131 4013 1242 4098 πύλην

131 4118 264 4183 νεκύων
299 4116 465 4194 εἰπόντος·
499 4117 542 4182 ἐν
565 4115 694 4206 πύλῳ,
716 4117 760 4183 ἐν
781 4115 983 4183 νεκύεσσι
1015 4117 1165 4205 βαλοόν.
1190 4123 1241 4199 eta

131 4214 165 4284 δ’
189 4215 232 4285 ἂν
253 4225 319 4286 νῦν
342 4215 359 4286 ὁ
383 4221 553 4300 Πίνδαρος
573 4216 613 4283 τὰ
636 4220 691 4284 καὶ
713 4216 827 4297 τόποις
848 4218 902 4284 καὶ
925 4218 1059 4306 χρόνοις
1081 4222 1242 4285 διεστῶτα

130 4324 176 4398 είς
204 4320 264 4386 ἕνα
289 4322 410 4408 καιρόν
437 4318 531 4406 ἄγων
558 4322 658 4387 ἕνεκα
687 4325 749 4387 τού
773 4321 932 4406 μειζόνως
961 4315 981 4405 ἢ
1012 4316 1057 4400 ὦς
1076 4322 1149 4403 ἔσχε
1171 4331 1241 4396 ταῖς
