2962 5024
1185 421 1245 482 225

136 586 298 668 ἔχουσαν·
323 581 387 667 τὴν
416 582 458 648 ἔν
486 579 654 666 πρόθεσιν
682 579 757 647 ἀντὶ
783 584 841 665 τῆς
868 586 926 659 είς
953 584 1110 668 κειμένην
1140 602 1246 650 συνα-

134 685 236 749 πτέον
262 681 346 765 πρὸς
370 680 410 750 τά
438 684 551 770 μέτρα.
590 687 639 761 τίς
666 679 730 766 γάρ
755 694 823 760 τοῖς
845 685 891 760 είς
919 679 959 749 τά
981 686 1084 769 μέτρα
1103 687 1246 764 ἱππείοις
1312 762 1315 768 Ι

70 830 73 835 ,
134 788 265 850 ἔντεσιν
287 784 447 870 ἐχρήσατο
470 783 586 868 πρωτη
610 777 710 868 ἢσῦ,
740 773 957 868 οδΚόρινθε;
993 787 1109 852 ἵππεια
1129 786 1166 851 δὲ
1188 789 1245 851 ἔν-

134 910 192 952 τεα
213 881 253 951 τὰ
275 883 462 953 Φειδάνεια
483 881 601 970 ἀγγεῖα
622 882 816 950 άκουστέον.
845 887 941 950 ἔντεα
963 883 1028 972 γάρ
1051 882 1094 952 άυ
1117 895 1168 972 είη
1187 885 1246 966 τάς

133 991 282 1071 χοίνικας
310 989 366 1053 καί
392 985 472 1067 τοῦς
498 990 681 1073 μεδίμνους
710 986 835 1071 λέγων,
868 986 924 1051 καὶ
953 983 1016 1053 ὅσα
1038 984 1141 1073 άλλα,
1171 981 1244 1054 οἷον

133 1084 224 1172 χόες,
246 1093 430 1175 ψυκτῆρες,
451 1088 628 1172 κώθωνες,
648 1083 704 1154 διὰ
723 1083 786 1172 τὴν
806 1085 993 1170 κοιλότητα.
1033 1084 1244 1174 καὶὍμηρος

134 1190 169 1275 (η
187 1192 282 1275 232)·
315 1183 605 1273 άμφίπολοι’δ’
643 1186 904 1272 έπεκόσμεον
934 1191 1057 1256 ἔντεα
1088 1188 1243 1268 δαιτός.

132 1289 264 1355 τούτων
286 1280 351 1357 οῦν
374 1293 421 1368 είς
443 1287 483 1355 τά
505 1290 607 1374 μέτρα
628 1288 751 1354 ἐντέων
774 1283 912 1374 εῦρετάς
933 1309 1038 1376 φησιν
1059 1288 1144 1359 εἶναι
1165 1289 1244 1371 τοῦς

133 1395 352 1476 Κορινθίους.
392 1387 448 1457 διὰ
477 1396 510 1456 τί
538 1391 574 1456 δὲ
598 1391 714 1455 ἵππεια
743 1385 829 1455 αῦτά
854 1386 964 1471 είκεν;
994 1388 1046 1458 ὅτι
1066 1397 1198 1461 Φείδων
1224 1388 1243 1459 ὁ

131 1497 263 1576 πρῶτος
290 1491 399 1572 κόψας
427 1499 627 1577 Κορινθίοις
656 1487 693 1554 τὸ
721 1491 843 1574 μέτρον
870 1487 1016 1577 Ἀργεῖος
1045 1484 1105 1578 ἦν,
1138 1492 1175 1561 τὸ
1205 1493 1243 1561 δὲ

123 1586 245 1677 ’Ἄρηος
267 1596 404 1661 ἵππειον
425 1594 583 1678 λέγουσιν
602 1593 637 1656 oc
657 1594 799 1673 ποιηταί.
823 1588 1011 1678 Εὐριπίδης
1032 1595 1075 1680 (Ι.
1088 1595 1127 1660 Τ.
1148 1598 1242 1684 700)-

131 1688 235 1759 ὅταν
258 1698 315 1773 είς
332 1690 486 1761 Ἑλλάδ’
509 1696 658 1761 ἵππιον
678 1689 707 1757 τ’
726 1687 867 1776 ’Ἄρηος
885 1693 1022 1781 μόλης.
1052 1696 1130 1764 Met.

218 1795 270 1860 cf.
291 1796 438 1862 Boeckh.
463 1796 581 1883 explic.
605 1794 701 1859 Pind.
723 1820 755 1881 p.
781 1797 841 1858 213
864 1819 906 1860 m.
937 1797 1060 1862 Vocem
1078 1799 1175 1863 ἔντεα
1193 1819 1243 1862 ar-

131 1896 236 1961 bitror
256 1897 403 1964 Luciano
429 1899 470 1963 de
498 1898 560 1962 dea
588 1896 685 1983 Syria
712 1896 946 1961 restituendam
977 1920 1049 1963 esse
1071 1903 1102 1981 §-
1126 1904 1161 1963 51
1189 1901 1242 1964 111

130 2018 162 2081 p.
179 1997 278 2061 486R
298 1993 339 2062 τά
359 1995 395 2062 δὲ
419 1993 525 2063 πολλά
544 1999 653 2081 ἔτεα,
677 1995 749 2080 ἐμοὶ
767 1995 892 2080 δοκέει,
915 1992 971 2062 διὰ
992 2003 1092 2065 τοῦτο
1113 1999 1241 2085 έστηκε,

131 2119 162 2183 q.
176 2096 197 2160 l.
219 2099 275 2182 ἔτη
294 2099 387 2164 codd.
401 2101 485 2183 ΑΕ,
509 2101 579 2164 ἔστι
599 2101 639 2164 V.
652 2095 715 2181 X..
731 2096 846 2182 ἕτοιμα
860 2100 966 2165 Koen.
983 2097 1067 2164 coni.
1084 2099 1125 2164 ad
1139 2101 1240 2185 Greg.

131 2197 206 2263 Cor.
236 2223 268 2286 p.
292 2206 354 2265 477
380 2201 526 2284 δώσετέ,
554 2201 667 2265 Bastio
690 2200 869 2265 dubitante.
901 2194 1020 2265 Ἕυτεα
1045 2203 1241 2289 interpretor

130 2295 216 2364 ἔντε’
241 2296 372 2386 Ἀρήϊα,
400 2307 579 2382 Βυεείτευρ.
623 2300 688 2365 Pro
720 2298 776 2365 διὰ
805 2304 906 2365 τοῦτο
935 2302 970 2363 in
998 2302 1082 2366 AEa
1107 2312 1139 2367 et
1168 2305 1243 2369 cod.⁸

1177 2400 1226 2455 διά

132 2468 238 2533 Vatic.
255 2471 360 2537 Bastii
382 2482 490 2538 exstat
509 2471 565 2537 καὶ
587 2473 687 2534 τοῦτο
711 2480 742 2533 et
764 2468 819 2533 καὶ
839 2466 893 2533 διὰ
909 2473 1019 2533 τοῦτο.
1042 2469 1134 2553 Lego
1157 2468 1240 2536 κατά

130 2592 240 2635 τουτο.

660 2709 711 2768 22.

213 2824 293 2890 ibid.
318 2830 357 2891 29
389 2820 544 2911 ἢδεῦν
571 2835 746 2891 ναοῖσιν
779 2823 944 2887 οἰωνῶν
972 2819 1149 2904 βασιλέα
1175 2824 1240 2886 δί-

131 2927 281 3010 δυμον·
302 2966 346 2979 —-
367 2926 455 3007 τινὲς
477 2928 513 2993 δὲ
536 2922 573 2992 τό
597 2919 746 3011 άέτωμα,
776 2918 821 3003 ὥς
850 2940 933 3006 φησι
961 2924 1148 3005 Δίδυμος
1175 2946 1239 2988 πα-

130 3029 349 3112 ρατιθέμενος
370 3033 512 3115 Τίμαιον
534 3027 674 3112 λέγοντα
696 3026 865 3094 καὶτοῦτο
886 3022 923 3088 ἔν
943 3034 1013 3103 ταῖς
1035 3027 1240 3110 οἰκοδομίαις

130 3125 243 3196 αὐτῶν
264 3125 412 3217 εῦρημα,
434 3127 561 3215 ταῦτην
579 3125 730 3208 άποδοῦς
751 3126 813 3213 τὴν
836 3121 991 3211 ἐξήγησιν
1011 3130 1079 3191 τῶν
1100 3149 1239 3212 προκει-

130 3231 251 3313 μένων.
297 3233 350 3298 Of.
373 3234 473 3300 schol.
494 3234 549 3298 alt.

92 3390 93 3393 γ
155 3316 162 3334 ’
214 3333 266 3399 οι.
288 3334 434 3401 εοεαε.
458 3335 546 3423 expl.
568 3335 664 3401 Pind.
688 3358 720 3422 p.
743 3336 814 3399 ιιι.
838 3333 911 3395 ιιι.

654 3523 704 3585 23.

216 3637 324 3704 Schol.
341 3639 437 3725 Pyth.
461 3645 494 3702 A
510 3641 550 3700 44
584 3635 748 3703 δυόδεκα
770 3633 817 3702 δὲ
838 3631 1045 3717 πρότερον
1066 3627 1236 3716 ἁμέρας·

130 3740 231 3802 τοῦτο
261 3739 521 3820 προσειληφέναι
550 3738 631 3820 φησὶ
655 3739 845 3819 Δίδυμος
871 3734 1045 3813 Πίνδαρον
1072 3738 1239 3816 τερατείας

130 3833 229 3920 χάριν
255 3841 313 3921 τῆς
340 3831 423 3920 πρός
444 3829 545 3918 ἡμᾶς,
577 3836 647 3901 ἐπεὶ
676 3831 756 3902 οῦδὲ
783 3836 913 3918 πρέπον
939 3829 975 3897 τὸ
1003 3829 1088 3914 πρός
1110 3831 1238 3912 είδότας

129 3938 252 4021 λέγειν.
280 3931 364 4003 ddi
384 3932 611 4022 Ἀμμώνιος
638 3937 714 4021 περὶ
732 3935 864 4002 τούτων
893 3930 983 3999 οὕτω
1008 3930 1141 4017 γράφει.
1172 3932 1238 3999 Καὶ

130 4035 254 4122 ἑαυτὴν
287 4035 599 4123 συμπεριλαμβάνει
629 4031 685 4103 διά
717 4034 754 4103 τό
780 4047 858 4114 ταῖς
880 4029 982 4119 αῦτης
1009 4039 1147 4119 βουλαῖς
1175 4031 1238 4120 την

129 4143 191 4216 ἔξω
219 4136 334 4225 φυγὴν
361 4138 584 4226 ποιήσασθαι·
619 4135 792 4223 ἐκβιβάσαι
820 4134 884 4222 γάρ
912 4132 1161 4220 συνεβούλευσε
1182 4137 1237 4201 καὶ

129 4237 185 4306 διὰ
206 4247 268 4308 τοῦ
286 4238 420 4329 Ἀδρίου
443 4247 580 4327 ποιησαι
601 4237 662 4306 τόν
685 4225 809 4305 πλοῦν·
834 4242 934 4305 τοῦτο
956 4235 992 4302 δὲ
1015 4236 1169 4303 ἐναντίον
1190 4240 1237 4326 τῷ

129 4342 166 4406 ἐκ
198 4349 259 4408 τοῦ
284 4338 448 4409 Ὠκεανοῦ
476 4338 563 4428 ῦπέρ
590 4339 654 4427 την
680 4342 814 4427 Λιβύην
837 4345 968 4427 κομίσαι
996 4337 1058 4424 τὴν
1080 4344 1168 4406 ναῦν
1190 4342 1237 4417 είς

178 4468 338 4510 ominus.
992 4443 1030 4504 15
