2962 5018
226 390 287 451 276

227 556 326 619 aetati
360 552 557 616 successisse
587 550 786 635 putaverim,
820 547 983 612 sobriores
1019 569 1098 645 sero
1132 549 1342 634 acrioresque

227 657 308 719 artis
336 654 591 733 existimatores,
621 653 677 738 qui
703 649 843 713 fortasse
885 650 958 736 plus
990 670 1086 735 quam
1118 670 1178 734 par
1210 656 1260 711 est
1299 648 1340 712 de

227 754 403 822 virtutibus
438 753 622 818 fabularum
645 750 898 838 Euripidearum
928 749 1119 831 detrahunt,
1150 770 1167 811 e
1201 749 1340 834 Didymi

226 858 455 945 Lysaniaeque
476 855 650 943 (Androm.
677 854 727 938 10)
752 852 926 938 disciplina
946 851 1112 938 profectos
1134 873 1215 915 esse.

312 958 383 1022 Iam
402 979 481 1021 vero
509 957 782 1043 praestantiorum
804 952 1000 1017 scholiorum
1028 953 1112 1016 Ven.
1136 952 1210 1016 Vat.
1234 952 1339 1038 Neap.

226 1058 441 1146 principalem
475 1056 598 1121 fontem
633 1056 814 1141 Didymum
848 1076 919 1119 esse
952 1054 1175 1119 demonstrare
1208 1054 1339 1117 conanti

227 1171 303 1224 ante
324 1161 433 1225 omnia
456 1159 613 1223 lectorum
634 1158 713 1221 mihi
735 1159 834 1222 venia
854 1156 995 1243 petenda
1011 1165 1069 1239 est,
1092 1157 1120 1218 si
1144 1178 1226 1242 quae
1242 1178 1339 1239 argu·

227 1271 335 1326 menta
364 1262 494 1346 saepius
523 1269 680 1346 usurpata
705 1259 814 1322 facere
845 1278 911 1320 non
939 1279 1071 1343 possum
1111 1259 1191 1344 quin
1218 1257 1338 1319 iterum

227 1373 324 1449 atque
352 1363 470 1424 iterum
498 1382 588 1425 meos
619 1362 652 1423 in
674 1382 752 1424 usus
775 1367 974 1422 convertam.
1020 1358 1217 1422 Gravissimi
1238 1357 1339 1441 igitur

226 1463 381 1527 momenti
403 1483 476 1525 cum
496 1463 531 1524 in
548 1461 609 1525 hac
631 1464 729 1525 etiam
741 1461 932 1547 quaestione
952 1460 1014 1524 hoc
1036 1462 1095 1543 sit,
1119 1459 1206 1546 quod
1227 1457 1338 1521 nullus

226 1563 457 1648 grammaticus
488 1563 618 1647 saepius
647 1561 792 1647 Didymo
821 1562 855 1622 in
880 1571 990 1646 partes
1011 1571 1162 1643 vocatur,
1191 1582 1232 1623 ne
1255 1559 1339 1623 illud

227 1666 356 1751 quidem
385 1664 420 1727 vi
444 1672 548 1744 earet,
571 1663 667 1749 quod,
688 1664 716 1725 si
739 1662 962 1728 Herodianum
984 1673 1016 1726 et
1036 1661 1259 1748 Phrynichum
1282 1682 1339 1726 ex·
1394 1696 1395 1699 ¹

227 1768 367 1854 ceperis,
390 1764 500 1828 nullus
521 1767 689 1846 excitatur,
712 1767 767 1851 qui
787 1764 918 1851 quidem
937 1765 1075 1851 Didymi
1097 1763 1262 1828 saeculum
1283 1784 1340 1825 ex-

226 1869 331 1932 cedat.
376 1867 494 1930 Aetate
517 1866 603 1928 enim
632 1869 792 1953 posterior
822 1876 872 1929 est
899 1865 1120 1952 Aristophane
1147 1863 1341 1930 Timachida

226 1967 426 2052 Apollodoro
460 1966 616 2029 Tarsensi
648 1964 838 2030 Aristarcho
869 1965 999 2031 Cratete
1027 1968 1236 2032 Parmenisco
1264 1963 1341 2029 Oal-

227 2070 354 2145 listrato
375 2080 407 2131 et
426 2067 618 2131 Alexandro
640 2068 683 2152 (si
704 2067 835 2153 quidem
856 2066 1022 2132 Milesium
1043 2069 1207 2153 intellegis
1225 2067 1339 2131 Crate-

227 2171 269 2233 tis
290 2167 512 2254 discipulum),
540 2168 595 2253 qui
618 2169 651 2229 in
668 2166 768 2231 schol.
791 2167 878 2230 Med.
902 2170 1039 2234 audiunt
1060 2172 1096 2235 οἱ
1115 2192 1340 2254 προυπομνη-

227 2268 455 2354 ματισάμενοι.
512 2267 659 2332 Tertium
692 2277 919 2350 argumentum
952 2271 1028 2335 inde
1061 2281 1204 2360 repetas,
1239 2272 1338 2358 quod,

227 2393 311 2459 quae
344 2372 511 2436 doctrinae
544 2392 621 2434 vere
647 2369 893 2434 Alexandrinae
931 2373 1024 2458 copia
1054 2374 1225 2460 multiplex
1257 2373 1339 2436 haec

227 2494 355 2560 quoque
377 2472 502 2537 scholia
524 2471 800 2538 commendatiora
826 2471 948 2554 reddit,
977 2473 1172 2561 ubicumque
1201 2482 1340 2561 apparet

226 2574 413 2640 auctoribus
431 2576 471 2638 iis
501 2573 703 2638 illustrandis
726 2574 987 2657 accommadata,
1016 2575 1133 2662 quibus
1155 2575 1339 2661 Didymum

227 2699 360 2763 operam
384 2677 514 2741 dedisse
546 2677 680 2756 scimus,
715 2696 753 2737 ea
784 2674 853 2737 fere
875 2674 1011 2760 Didymi
1047 2676 1210 2740 hereditas
1242 2675 1338 2740 nobis

226 2777 396 2858 obveniat,
435 2779 527 2841 cuius
569 2785 744 2863 apparatus
788 2779 1083 2862 praestantissimos
1119 2778 1337 2863 posteriorum

226 2879 510 2962 grammaticorum
545 2877 759 2963 amplitudine
794 2899 899 2964 neque
931 2880 1035 2964 potuit
1062 2879 1149 2943 ullus
1180 2899 1337 2964 superare

226 3001 332 3064 neque
360 3001 417 3042 cur
446 2988 615 3065 superaret
643 3000 791 3042 caussam
813 2977 942 3060 habuit,
972 2988 1039 3042 tum
1064 2982 1141 3067 quia
1161 2981 1337 3064 scriptores

227 3089 259 3142 et
280 3080 516 3166 interpretandi
539 3091 571 3143 et
589 3081 782 3144 recensendi
805 3082 888 3144 ratio
910 3089 984 3166 post
997 3103 1115 3145 aevum
1129 3081 1336 3165 Augusteum

225 3178 322 3265 plane
345 3180 584 3261 immutaretur,
617 3189 686 3243 tum
713 3182 799 3267 qnod
823 3191 1110 3247 commentatorum
1132 3182 1295 3247 industria
1317 3202 1337 3243 a

225 3281 330 3366 poetis
360 3302 439 3365 quos
468 3280 581 3344 dicunt
611 3280 756 3344 classicis
786 3282 828 3345 ad
858 3283 1102 3349 Alexandrinos
1130 3282 1336 3369 potissimum

225 3390 348 3468 poetas,
364 3381 586 3468 Apollonium,
598 3384 739 3470 inquam,
755 3383 990 3449 Callimachum
998 3384 1241 3472 Euphorionem
1252 3382 1337 3446 Ara·

225 3493 292 3546 tum
322 3483 522 3548 Nicandrum
549 3494 646 3572 atque
673 3485 706 3548 id
730 3507 834 3569 genus
861 3485 942 3551 alios
973 3508 1008 3550 se
1032 3486 1226 3572 applicaret,
1261 3506 1336 3548 cunr

225 3582 411 3648 admirabili
432 3587 535 3671 ipsius
558 3587 695 3672 Didymi
717 3586 889 3651 sedulitate
912 3587 945 3650 id
965 3588 1115 3651 effectum
1136 3609 1208 3650 esse
1229 3585 1337 3670 videri

225 3693 351 3767 posset,
380 3694 417 3748 ut
438 3708 519 3772 quos
549 3699 581 3751 ct
601 3696 714 3774 poetas
736 3696 767 3751 et
795 3688 956 3774 pedestris
980 3690 1135 3753 orationis
1158 3690 1336 3775 scriptores

225 3794 471 3869 pertractasset,
501 3789 524 3850 ii
554 3810 660 3875 neque
684 3790 871 3875 interpretis
900 3811 1005 3876 neque
1033 3792 1138 3854 critici
1164 3789 1338 3874 diligentia

225 3885 259 3946 in
285 3894 411 3972 tempus
440 3888 573 3975 aliquod
603 3911 699 3974 egere
724 3892 924 3956 viderentur.
968 3891 1099 3957 Deinde
1122 3894 1150 3955 si
1174 3914 1270 3978 quam
1293 3913 1337 3955 ex

225 3987 434 4071 auctoritate,
471 4014 567 4076 quarn
605 3991 787 4056 Aristarchi
820 3995 928 4057 studia
950 3993 1126 4056 Homerica
1132 4043 1141 4075 ,
1176 3994 1337 4079 imprimis

225 4087 312 4172 quod
333 4099 483 4154 notarum
506 4093 691 4156 criticorum
713 4115 808 4156 usum
831 4096 955 4176 attinet,
981 4104 1017 4158 ut
1040 4095 1073 4156 in
1096 4094 1265 4182 Sophoclis
1288 4094 1337 4157 sa·

223 4185 327 4270 bulis,
358 4191 404 4253 ita
436 4193 470 4254 in
498 4192 685 4277 Euripideis
714 4197 924 4262 recensendis
954 4196 1153 4279 habuerunt,
1182 4195 1223 4258 de
1250 4217 1338 4259 com-

224 4298 404 4355 mentatore
432 4293 541 4379 aliquo
570 4295 788 4359 coniecturam
817 4319 932 4383 capere
961 4297 1051 4379 licet,
1082 4299 1138 4384 qui
1165 4318 1239 4362 cum
1260 4297 1337 4360 Ari·
