2962 5018
241 400 303 463 288

242 567 355 630 deesse
376 561 490 642 voluit,
511 561 658 647 quisquis
682 569 861 625 auctorest
882 562 984 626 schol.
1005 562 1145 627 adPlut.
1161 566 1253 644 1037,
1276 584 1351 626 cum

241 667 320 732 dicit
342 665 503 729 κοσκίνου
524 658 649 739 κύκλος
670 656 691 745 ἢ
710 660 804 739 σανίς
825 668 972 746 πλατεῖα,
993 660 1043 746 ἐφ’
1068 654 1107 747 ἦς
1128 658 1252 746 ἄλφιτα
1273 685 1352 727 ποι-

241 771 357 849 οῦσιν,
384 764 421 828 ἐν
442 761 479 827 δὲ
502 767 548 850 τῷ
570 758 783 847 ὑπομνήματι
806 758 930 841 οὑτως·
963 764 1035 848 κτὲ,
1065 768 1112 830 uti
1132 764 1220 830 idem
1241 764 1293 828 bis
1317 765 1351 826 in

239 867 353 935 scholl.
380 864 546 952 Sophocl,
580 865 636 931 Tr.
663 869 736 929 1161
766 864 818 929 ΕΙ.
841 870 899 929 451
937 867 1060 931 factum
1093 889 1164 932 esse
1194 866 1349 931 vidimus.

239 972 353 1036 Restat
376 977 412 1030 ut
439 968 480 1031 de
510 967 611 1032 schol.
635 968 751 1032 Venet.
778 969 855 1032 Pac.
879 971 940 1032 758
968 991 1072 1056 pauca
1099 967 1233 1047 addam,
1262 964 1349 1052 quod

238 1092 387 1136 caussam
414 1089 505 1131 suam
534 1071 618 1132 tucri
643 1069 820 1134 arbitratur
841 1070 882 1134 O.
906 1071 1123 1136 Schneiderus
1148 1092 1180 1156 p.
1205 1070 1243 1131 18
1263 1072 1349 1133 Δα-

238 1176 333 1256 μίας
362 1165 515 1251 ὄρχεις·
550 1169 724 1252 δραστικοί
755 1170 817 1254 γὰρ
843 1172 878 1235 οί
902 1166 1021 1255 ὄρχεις.
1066 1173 1217 1254 Δίδυμος
1242 1169 1347 1234 δὲ...

240 1274 451 1338 είδολοποιεῑ
474 1270 515 1334 δέ
542 1295 635 1348 τινας
656 1267 765 1356 ὄρχεις
790 1277 924 1356 Λαμίας.
968 1277 1060 1357 θῆλυ
1083 1268 1162 1356 γάρ·
1184 1270 1348 1335 ἐντεῦθεν

237 1374 302 1439 κτὲ.
332 1408 376 1422 —‹
400 1368 507 1448 οὑτως
535 1363 638 1457 εὖρον
666 1374 703 1438 ἐν
729 1367 955 1464 ὑπομνήματι.
998 1375 1095 1439 Hunc
1116 1377 1217 1459 igitur
1239 1374 1346 1437 locum
1392 1371 1400 1384 ‘

238 1475 420 1541 cavendum
441 1496 514 1538 esse
535 1496 577 1538 ne
600 1475 642 1539 ad
663 1476 747 1541 hanc
769 1479 992 1563 quaestionem
1013 1475 1204 1540 solvendam
1222 1481 1347 1538 temere

237 1579 448 1664 arripiamus,
482 1577 651 1641 verissime
684 1580 852 1664 perspexit
875 1577 951 1641 Osc.
986 1577 1147 1642 Gerhard.
1178 1579 1251 1662 p.2
1283 1575 1346 1638 hoe

236 1681 342 1766 primo
365 1688 556 1766 argumento
579 1702 667 1761 usus,
688 1679 784 1766 quod,
808 1700 891 1764 quae
911 1682 961 1743 vis
983 1680 1061 1742 insit
1081 1680 1115 1740 in
1138 1675 1275 1741 articulo
1298 1675 1345 1762 τῷ

236 1789 386 1845 accurate
416 1781 536 1865 posito,
562 1802 601 1844 ea
628 1781 812 1845 necessario
836 1779 923 1843 absit
949 1801 968 1842 a
995 1778 1106 1861 verbis
1136 1776 1236 1842 schol.
1264 1776 1343 1839 Pac.

237 1876 297 1946 758
329 1881 448 1944 Veneti
483 1874 591 1956 οὑτως
622 1869 726 1961 εὖρον
751 1880 788 1944 ἐν
813 1875 1037 1964 ὑπομνήματι.
1090 1877 1229 1943 Accedit
1256 1878 1345 1964 quod

234 1989 336 2045 totam
355 1982 395 2044 de
418 1980 533 2044 Lamia
555 1983 774 2046 narrationem
796 2004 814 2044 e
837 1981 938 2044 schol.
960 1981 1018 2044 Ar.
1033 1979 1155 2067 Vespp.
1175 1983 1254 2044 1030
1280 1979 1344 2042 huc

235 2083 408 2167 irrepsisse
430 2102 495 2144 non
522 2080 619 2145 modo
645 2084 825 2146 sententiae
850 2082 935 2145 male
956 2081 1166 2146 cohaerentes
1190 2081 1343 2162 clamant,

235 2182 413 2245 sedetiam
442 2191 484 2245 et.
507 2205 548 2246 m.
572 2187 650 2266 550,
682 2188 722 2247 50
744 2193 777 2247 et
798 2183 889 2248 Suid.
914 2183 948 2245 II
978 2188 991 2245 1
1023 2206 1055 2269 p.
1080 2188 1153 2248 496.
1177 2187 1256 2265 497,
1285 2182 1342 2267 qui

234 2282 354 2347 nostris
376 2280 508 2359 scholiis
533 2285 629 2347 etiam
651 2292 719 2347 tum
741 2286 935 2369 integriores
955 2285 1168 2371 melioresque
1190 2282 1342 2346 manibus

233 2383 396 2465 terebant,
431 2387 629 2471 comparatio
659 2395 753 2450 extra
780 2384 991 2450 dubitationis
1016 2385 1121 2450 aleam
1148 2386 1253 2471 ponit,
1283 2383 1342 2448 ubi

234 2487 365 2552 diversa
385 2485 465 2551 locis
484 2486 638 2571 leguntur
661 2488 830 2552 eDuridis
853 2488 989 2575 Libycis
1011 2497 1165 2573 excerpta
1187 2496 1218 2550 et
1240 2485 1340 2549 adno·

232 2591 312 2654 tatio
341 2591 489 2671 Λαμία·
517 2591 642 2672 θηρίον
663 2628 706 2640 —-
727 2592 819 2672 θῆλυ
849 2585 923 2671 γάρ.
973 2588 1182 2654 Manifestum
1210 2608 1261 2649 me
1292 2588 1342 2650 iu-

233 2691 305 2755 dice
326 2699 376 2754 est
407 2693 469 2754 ista
495 2685 603 2768 οὑτοις
631 2680 735 2772 εὑρον
766 2688 803 2754 ἐν
830 2685 1044 2774 ὑπομνήματι
1068 2692 1102 2752 in
1130 2689 1195 2752 fine
1224 2707 1341 2750 manca

232 2792 392 2857 vocabulo
413 2795 565 2874 Σφήκών
587 2791 697 2856 addito
725 2791 906 2877 supplenda
928 2812 1009 2854 esse.
1053 2790 1206 2876 Denique
1227 2790 1340 2853 nescio

232 2892 309 2980 quid
332 2894 492 2978 sequioris
514 2893 631 2957 aetatis
652 2891 826 2957 elocutioni
845 2892 1090 2957 convenientius
1113 2891 1244 2976 sapiunt
1258 2889 1339 2952 haec

231 2994 334 3058 verba
357 2988 465 3068 οὕτως
488 2981 607 3076 εὖρον,
637 2993 724 3079 quod
753 2993 884 3080 quidem
905 2993 1161 3058 additamentum
1184 2991 1340 3077 etymolo-

231 3095 297 3179 gici
325 3094 530 3178 potissimum
557 3101 706 3158 auctores
732 3098 765 3158 in
794 3095 919 3159 deliciis
939 3093 1132 3157 habuerunt.
1179 3090 1231 3156 cf.
1253 3113 1282 3155 e.
1305 3113 1338 3175 g.

230 3193 288 3257 Or.
311 3215 343 3279 p.
369 3196 406 3257 18
430 3192 481 3256 cd.
504 3190 570 3256 Sta.

314 3295 430 3381 Itaque
448 3315 523 3377 ego,
553 3294 609 3377 qui
636 3295 759 3359 scholio
782 3295 867 3360 Plut.
901 3298 980 3360 1037
1005 3294 1173 3358 lenissima
1198 3293 1337 3374 medela,

229 3405 265 3461 ut
286 3418 358 3460 mea
385 3395 449 3459 fert
477 3395 602 3479 opinio,
625 3405 798 3481 persanato
820 3399 966 3483 operosis
989 3396 1250 3482 disquisitionum
1271 3415 1338 3456 am-

228 3497 368 3583 bagibus
391 3494 489 3559 facile
509 3495 723 3581 supersedere
744 3500 881 3583 possim,
909 3499 956 3561 sic
980 3504 1103 3577 statuo,
1125 3517 1226 3559 unum
1247 3494 1339 3556 dum-

227 3607 319 3662 taxat
339 3599 373 3661 in
386 3595 528 3678 scholiis,
550 3618 633 3682 quae
651 3597 782 3683 quidem
801 3598 968 3685 hucusque
988 3598 1208 3675 innotuerunt,
1229 3593 1339 3658 locum

228 3721 415 3786 superesse,
443 3699 499 3783 qui
529 3693 567 3761 τὸ
595 3691 779 3781 ὑπόμνημα
807 3698 839 3762 h.
871 3720 899 3762 e.
923 3705 1046 3763 certum
1069 3695 1231 3783 quendam
1252 3716 1339 3759 com·

228 3800 422 3863 mentarium
444 3807 688 3881 commemoret,
718 3800 804 3863 hunc
832 3802 939 3885 ipsum
966 3805 1074 3860 autem
1099 3797 1216 3860 ceteris
1244 3815 1339 3880 prac-

226 3901 416 3964 stantiorem
450 3900 535 3961 inter
553 3898 690 3984 Didymi
718 3920 817 3985 opera
844 3896 1080 3962 recensendum
1106 3917 1188 3960 esse.
1239 3894 1338 3974 Quod

227 4002 255 4063 si
285 4021 337 4063 res
377 4000 423 4062 ita
452 4008 639 4083 comparata
673 4007 736 4080 est,
778 3999 934 4080 efficitur,
967 4005 1004 4060 ut
1036 3999 1200 4081 integrum
1232 3994 1336 4059 schol.

226 4098 311 4163 Plut.
343 4101 423 4162 1037
452 4100 672 4183 conscriptum
701 4099 744 4161 sit
779 4121 800 4162 a
818 4106 1069 4163 commentatore
1090 4097 1170 4160 satis
1193 4098 1339 4182 antiquo,

225 4199 281 4282 qui
308 4196 493 4281 Didymeae
531 4199 630 4261 aetati
669 4200 837 4284 proximus
872 4199 942 4263 eius
969 4198 1244 4261 commentarium
1283 4193 1337 4281 (τό

223 4290 419 4378 ὑπόμνημα)
461 4286 617 4361 adhibere
661 4307 803 4382 poterat,
843 4292 883 4362 τὰ
924 4291 1148 4380 ὑπομνήματα
1186 4317 1282 4378 vero,
1319 4321 1341 4361 a
