2932 5002
769 569 803 646 5.

312 713 437 781 Ultimo
467 714 529 778 hcc
558 714 664 799 capite
696 736 814 778 nomen
836 713 978 796 solvam,
1010 699 1107 801 quod
1124 735 1224 800 supra
1252 713 1346 796 dedi,

226 817 391 904 pollicitus
432 813 653 878 additamento
686 813 796 901 aliquo
835 815 1074 902 disputaturum
1112 836 1164 877 me
1198 836 1272 878 esse
1302 815 1346 879 de

228 918 345 982 studiis
370 916 507 1002 Didymi
532 915 566 977 in
594 914 796 1001 geographia
824 917 951 1003 positis.
1002 915 1078 979 Huc
1105 917 1270 1003 pertinere
1294 917 1345 980 vi-

226 1020 321 1084 detur
340 1019 479 1105 primum
502 1016 586 1080 liber

549 1151 667 1235 περὶ
714 1154 1014 1235 Καβασσοῦ,

226 1271 319 1335 cuius
347 1270 495 1334 meminit
524 1268 709 1356 Stephanus
736 1270 817 1357 Byr.
837 1293 871 1357 p.
895 1272 948 1351 12,
976 1270 995 1333 8
1024 1268 1076 1333 ed.
1094 1268 1240 1333 Meinelr.
1272 1263 1343 1335 ἀπὸ

226 1367 264 1437 δὲ
295 1373 359 1436 τοῦ
379 1368 580 1455 Καβαιιησός
615 1375 718 1436 οίεται
754 1372 944 1455 Δίδυμος
975 1365 1059 1435 κατὰ
1089 1365 1266 1453 σνγιιοττιὶν
1300 1365 1342 1436 td

227 1472 290 1560 (sic
312 1472 397 1537 coni.
427 1472 585 1556 Meinelr„
615 1476 676 1538 τοῦ
704 1471 779 1558 RV)
807 1469 997 1556 Καβασσός.
1048 1467 1145 1548 πόλις
1179 1467 1216 1536 δὲ
1251 1467 1342 1554 αὕτη

226 1577 288 1638 τοῦ
307 1568 534 1659 Ὀθρνονέοτς,
558 1574 634 1658 περὶ
655 1563 696 1658 ἧς
715 1577 849 1658 βιβλίον
870 1566 952 1637 ὅλον
970 1573 1171 1656 συνέγραψε.
1196 1569 1342 1657 δειχθή-

226 1693 318 1740 σεται
341 1676 378 1740 dt
399 1674 436 1740 ἐν
456 1678 503 1762 τῷ
523 1675 599 1756 ιιιρλ
617 1670 721 1759 αὐτῆς
740 1671 830 1763 λόγῳ
845 1677 945 1739 τοῦτο
965 1675 1102 1752 ψεῦδος.
1146 1676 1191 1740 At
1215 1697 1278 1759 ego
1301 1686 1340 1739 nt

224 1776 356 1841 credam
377 1776 538 1861 singulari
559 1775 643 1842 libro
666 1776 707 1842 de
727 1775 874 1841 Cabasso
903 1775 985 1841 urbe
1010 1797 1030 1839 a
1050 1776 1195 1863 Didymo
1225 1776 1339 1863 dispu-

223 1885 326 1941 tatum
349 1898 436 1957 esse,
457 1877 516 1941 vix
536 1877 616 1941 mibi
636 1875 819 1964 imperabo,
840 1876 989 1941 sedeam
1010 1879 1119 1964 potius
1141 1886 1340 1942 commenta-

223 1978 264 2040 rii
287 1979 320 2041 in
335 1976 471 2044 Homeri
493 1978 609 2044 Iliadis
630 1976 749 2042 librum
764 1978 852 2041 XIII
867 1981 1037 2065 compositi
1058 1987 1194 2066 partem,
1214 1978 1249 2040 in
1272 1999 1340 2063 qua

224 2078 265 2143 de
288 2101 320 2143 v.
343 2080 406 2144 363
430 2075 635 2163 Καβησόθεν
663 2080 764 2144 ἔνδον
786 2076 884 2145 ἐόντα
914 2080 1007 2165 (edit.
1029 2078 1176 2166 Argolic.
1195 2073 1340 2164 Ἑκάβης

223 2176 334 2244 νόθον
355 2176 433 2244 νίὸν
451 2176 560 2263 ἐόντα,
582 2201 665 2267 quae
686 2182 846 2267 scriptura
858 2182 982 2268 placuit
995 2181 1034 2244 Ε.
1058 2182 1097 2246 R.
1118 2181 1257 2265 Langia,
1281 2203 1338 2245 cu·

224 2283 275 2346 ius
296 2289 471 2368 apparatus
493 2282 688 2347 Homericus
708 2304 809 2369 penes
833 2304 885 2347 me
907 2282 971 2367 est)
996 2291 1278 2364 commemoretur,
1300 2283 1338 2346 in

223 2391 347 2448 tantam
376 2383 623 2470 amplitudinem
643 2384 832 2448 excrevisse
855 2385 1019 2469 suspicor,
1048 2392 1084 2447 ut
1106 2384 1175 2448 lere
1197 2384 1275 2449 iusti
1300 2383 1337 2448 li·

222 2484 274 2550 bri
297 2484 454 2549 ambitum
477 2485 635 2571 expleret.
660 2484 767 2564 Quam
788 2484 972 2570 opinionem
994 2484 1164 2549 coufirmat
1179 2483 1339 2570 loquendi

223 2608 303 2651 usus
334 2586 375 2650 de
403 2586 514 2651 verbis
539 2588 673 2671 βιβλίον
695 2579 777 2651 ὅλον
798 2585 878 2649 mihi
900 2584 1104 2651 observatus.
1149 2585 1203 2651 Sic
1228 2586 1337 2651 Doro-

143 2674 145 2682 *
223 2690 318 2754 thcus
348 2688 539 2753 Ascalonita
566 2691 600 2751 in
628 2688 809 2772 συναγωγῇ
839 2687 956 2765 λέξεως
978 2682 1142 2771 Ἀττικῆς,
1173 2686 1267 2750 cuius
1297 2685 1337 2750 li·

223 2789 317 2856 brum
342 2789 455 2855 CVIII
476 2789 589 2854 laudat
609 2787 798 2854 Athenaeus
813 2787 896 2852 VIII
912 2810 944 2874 p.
968 2791 1029 2853 329
1044 2789 1088 2872 D,
1111 2796 1236 2853 tantum
1258 2809 1336 2873 ope

222 2913 279 2955 ras
302 2891 475 2975 insumpsit
500 2899 583 2956 teste
604 2888 787 2976 Porphyrio
808 2889 851 2954 ad
872 2889 969 2953 Hom.
998 2890 1039 2955 Il.
1060 2894 1089 2954 Θ
1117 2893 1158 2954 90
1185 2890 1231 2966 είς
1257 2886 1337 2972 ἐξῆ·

222 3008 323 3074 γησιν
354 2995 416 3056 τοῦ
449 2985 529 3072 παρ’
560 2986 692 3080 Ὁμήρῳ
723 2993 872 3074 κλισίον,
905 2999 941 3056 ut
968 2991 1032 3055 nisi
1059 2992 1136 3057 iusti
1157 2991 1336 3057 voluminis

222 3090 343 3156 finibus
366 3094 590 3178 interpretatio
618 3093 683 3157 ista
711 3091 934 3157 circumscribi
967 3113 1033 3156 non
1060 3100 1181 3179 posset.
1231 3091 1336 3156 Recte

223 3193 310 3256 enim
322 3191 443 3256 Coraes
463 3215 522 3278 pro
543 3189 627 3259 ὅλον
648 3198 726 3280 βίον
745 3193 871 3277 ἐδέησε,
894 3215 977 3280 quae
1001 3192 1097 3259 lectio
1121 3202 1171 3259 est
1188 3192 1260 3258 cod.
1282 3192 1335 3276 B.,

223 3293 391 3379 rescripsit
413 3286 497 3357 ὅλου
526 3296 677 3377 βιβλίον,
703 3296 901 3358 assentiente
931 3294 970 3358 R.
994 3294 1130 3379 Ungero
1161 3297 1195 3359 in
1217 3293 1333 3382 parad.

223 3392 349 3458 Thebb.
372 3416 403 3480 p.
427 3395 501 3477 433,
524 3396 580 3482 qui
598 3394 638 3459 de
651 3393 778 3459 solenni
798 3394 1032 3460 vocabulorum
1050 3398 1123 3481 βίος
1145 3405 1178 3460 ct
1198 3399 1335 3479 βιβλίον
1411 3402 1415 3408 “

223 3494 414 3562 confusione
436 3494 585 3582 pluribus
609 3497 769 3581 exposuit.
798 3496 930 3562 Deinde
952 3497 1106 3563 Neoteles
1127 3497 1238 3562 nescio
1259 3497 1334 3582 quis

223 3597 336 3663 eodem
369 3596 551 3684 Porphyrio
582 3597 624 3661 ad
648 3597 746 3663 Hom.
780 3599 820 3663 ll.
849 3603 878 3663 Θ
909 3600 970 3662 328
998 3609 1131 3666 auctore
1164 3596 1240 3680 περὶ
1274 3601 1334 3680 τῆς

222 3693 305 3764 κατὰ
332 3693 412 3776 τούς
442 3693 553 3783 ἥρωας
578 3699 705 3777 τοξείας
732 3709 835 3765 totum
863 3698 983 3763 librum
1009 3701 1214 3787 conscripsit.
1259 3698 1333 3764 Hoc

222 3822 350 3887 quoque
362 3799 432 3866 loco
446 3800 582 3884 vulgata
602 3803 762 3887 scriptura
784 3810 833 3866 est
852 3795 935 3865 ὅλον
953 3802 1041 3884 βίον,
1061 3823 1158 3887 quam
1171 3801 1331 3865 adversus

220 3901 487 3982 Valckenarium‚
505 3903 561 3989 qui
573 3895 657 3984 ὅλην
670 3904 790 3987 βίβλον
809 3902 958 3985 coniecit,
980 3901 1130 3967 defendit
1141 3900 1243 3966 Wolf.
1256 3922 1332 3987 pro·

221 4002 309 4087 legg.
328 4026 360 4090 p.
384 4001 530 4071 CXCIII
559 4002 618 4089 (cf.
646 4003 687 4066 L.
711 4001 860 4068 Mueller.
890 4003 930 4067 de
960 3997 1054 4087 οἶμος
1082 4010 1115 4069 et
1141 4008 1219 4087 οίμη
1240 4026 1274 4089 p.
1299 4004 1330 4066 2.

220 4104 267 4189 3).
312 4104 424 4191 Ipsum
440 4104 621 4189 Didymum
642 4103 683 4168 de
706 4103 858 4169 vocabuli
871 4106 1069 4170 δεκατεῦσαι
1091 4104 1334 4190 significatione

220 4203 339 4269 librum
359 4205 591 4289 conscripsisse
619 4214 733 4271 auctor
760 4215 810 4271 est
835 4206 995 4291 Harpocr.
1018 4208 1070 4287 45,
1089 4209 1108 4268 5
1131 4203 1240 4268 Bekk.
1264 4209 1333 4271 Δί-

220 4306 327 4389 δυμος
358 4299 375 4369 ὁ
404 4299 632 4389 γραμματικὸς
665 4304 741 4391 περὶ
770 4303 895 4372 τούτου
926 4308 1061 4392 βιβλίον
1087 4303 1234 4391 γράψας,
1265 4328 1333 4392 quo
