2964 5010
1236 400 1254 458 5

147 561 210 638 ἕως
235 553 448 641 Αὐγούστου.
472 558 538 622 Sed
559 559 644 623 forte
663 560 795 624 fortuna
816 561 944 644 accidit,
965 572 1002 626 ut
1021 556 1257 648 praetenhunc

148 662 256 727 locum
281 659 387 724 tribus
415 658 488 722 aliis
517 662 621 725 nostri
648 661 920 726 commemorandi
952 665 1155 728 occasionem
1178 668 1256 731 arri⁴

149 773 242 852 peret
262 764 304 828 ed
327 762 562 848 computandas
583 772 766 850 temporum
784 765 926 827 rationes
949 763 1144 829 utilioribus.
1189 766 1215 849 l,
1240 775 1254 829 l

149 890 181 955 p.
204 869 265 931 582
282 859 469 930 uncant
486 861 805 930 ’Πλειστονίκου
826 903 869 915 -
891 863 1050 948 Διδύμον
1070 870 1134 930 τοῦ
1153 865 1257 950 μεγά-

150 975 212 1034 λοο
242 962 400 1051 ducatus.
456 964 486 1049 Ι,
517 968 539 1028 ‘2
575 989 607 1053 p.
633 968 700 1030 ‘879
732 961 999 1050 Ἡρακλείδης
1032 964 1256 1051 Ποντικός,

148 1064 213 1135 ἀπὸ
232 1063 428 1153 Ἡρακλείας
456 1068 515 1150 τῆς
541 1063 696 1152 Πόντου,
725 1065 969 1153 γραμματικός,
998 1063 1091 1146 ὅστις
1115 1068 1258 1157 Δοὸύμφ

148 1175 193 1260 τῷ
212 1168 304 1237 πάνυ
326 1163 413 1234 κατὰ
431 1164 494 1252 τὴν
509 1163 752 1253 Ἀλεξανδρέων
771 1170 950 1255 ἐφοίτησεν
964 1168 1029 1235 κτὲ.
1061 1171 1093 1254 1,
1108 1173 1127 1233 2
1145 1193 1177 1257 p.
1196 1174 1258 1236 998

144 1267 292 1356 Ἰόβας,
315 1268 445 1354 Λιβύης
465 1270 520 1334 καὶ
542 1276 768 1356 Μαυρουσίοις
785 1272 996 1358 βασιλεύς-
1015 1265 1257 1356 σονήκμοζεὸ

148 1368 240 1459 αὐτῷ
263 1372 416 1456 Δίδυμος
437 1365 455 1436 ὁ
478 1372 697 1457 paulumper
719 1369 736 1438 ὁ
759 1375 815 1439 uul
833 1369 939 1440 πολλὰ
950 1370 1082 1459 γράψας
1097 1366 1172 1437 κατ’
1194 1367 1259 1437 οὐ·

148 1479 219 1539 τοῦ.
240 1474 291 1538 Αο
312 1473 468 1549 Oieeroni-
480 1494 554 1539 eum
576 1497 749 1562 supparem
770 1478 947 1541 vixissent
967 1485 1131 1563 procerte
1150 1495 1259 1540 sumas

147 1576 246 1645 facile
268 1599 307 1641 eo
322 1575 433 1640 induci
446 1577 565 1662 possis,
587 1579 675 1663 quod
689 1579 854 1642 Ammiani
871 1577 1056 1642 Marcellini
1073 1579 1260 1643 testimonio

148 1687 276 1744 constat
294 1677 512 1765 parturivisse
534 1692 617 1742 eum'
630 1687 695 1761 aut,
711 1687 755 1751 ,ut
769 1678 870 1742 Plinii
889 1678 1000 1745 verbis
1020 1685 1103 1759 utar,
1126 1676 1259 1751 abortus

148 1779 270 1844 fecisse
297 1779 456 1843 adversus
486 1778 655 1844 Ciceronis
678 1780 718 1845 de
738 1779 907 1866 republica
925 1779 1042 1861 libros,
1071 1776 1185 1860 XXII,
1211 1782 1259 1861 16,

150 1884 207 1946 16:
249 1885 352 1944 {Inter
384 1886 457 1959 quos
478 1887 601 1945 eminuit
623 1885 770 1962 Didymus
799 1887 969 1962 multiplices
999 1888 1145 1955 amentiae
1172 1888 1260 1960 coptu

148 1987 355 2062 munerabilis,
373 1988 427 2060 qui
442 1989 474 2045 in
495 1989 554 2045 eltis
577 1987 622 2047 VI
632 1988 716 2048 libris
736 1991 767 2048 iu
787 1989 896 2063 nuilus¹
911 2003 1130 2064 nonnumquam
1144 1991 1259 2065 imper·

145 2090 226 2162 secte
252 2087 380 2147 Tullium
406 2087 600 2163 reprehendit
619 2089 819 2165 silloyrupdos
840 2091 969 2149 imitatus
990 2092 1150 2166 summes
1170 2093 1260 2154 male

148 2194 231 2252 dicos
257 2191 368 2252 iudicio
390 2190 542 2249 doctorum
559 2193 688 2277 ‘sumum
710 2193 881 2264 incusatur,
909 2199 941 2250 ut
957 2194 1100 2251 immunia
1119 2177 1260 2264 fremen-

148 2300 205 2353 tem
227 2296 339 2354 leonem
357 2291 526 2368 putredulis
548 2288 694 2374 νοτίων)
721 2295 838 2352 catulus
858 2295 976 2368 tenuius
996 2295 1259 2355 circmlutruns!

149 2389 269 2455 Saldae
295 2412 321 2453 s.
347 2410 380 2453 v.
406 2383 680 2470 Τοοὶγκνλλος
700 2428 742 2437 -
759 2384 840 2472 ’περὶ
870 2392 929 2473 τῆς
949 2390 1144 2471 Κικέρωνος
1163 2395 1261 2464 πολιᾳ

149 2495 246 2569 τείας.
286 2485 453 2572 ἀντιλέγει
481 2486 518 2554 dl
545 2491 592 2577 τῷ
614 2486 766 2578 Διδύμῳ.
824 2491 927 2577 Atqui
949 2491 1127 2556 Ciceronis
1149 2492 1191 2555 de
1211 2512 1260 2557 rer

149 2591 283 2681 publica
308 2592 410 2657 libros
444 2612 505 2657 sex
532 2613 559 2656 c.
582 2612 612 2654 a.
640 2613 672 2656 u.
694 2589 787 2655 DCC
810 2592 1039 2677 compositos‘)
1063 2595 1091 2656 si
1114 2593 1185 2655 fieri
1207 2614 1262 2678 po·

149 2697 251 2761 tuisse
274 2694 390 2760 demus
410 2704 448 2759 ut
469 2693 633 2779 Didymus
661 2693 893 2778 grammaticus
912 2713 1026 2757 recens
1048 2694 1185 2759 emissos
1207 2714 1262 2758 ex'·

150 2800 304 2884 agitaret,
322 2818 440 2861 vereor
456 2816 498 2860 no
513 2791 711 2871 Heraclides
721 2791 896 2876 Ponticus,
921 2814 1017 2881 quem
1032 2789 1150 2861 Suidas
1169 2799 1262 2862 testis

151 2910 202 2965 est
222 2910 256 2965 et
276 2899 500 2970 Alexandriae
527 2896 708 2981 Didymum
729 2893 895 2961 audivisse
922 2906 955 2961 et
981 2892 1176 2985 imperatore
1199 2900 1261 2966 Ne·

150 3022 232 3067 rone
254 3001 377 3066 Romae
400 2998 531 3066 scholae
553 2994 750 3084 praefuisse,
778 2996 821 3072 ad
846 2994 1057 3064 incredibiles
1078 2988 1185 3089 neque
1206 3001 1262 3066 ho-

150 3105 231 3168 mini
263 3124 437 3168 concessos
465 3122 569 3182 annos
603 3099 795 3185 pervenisse
824 3098 985 3165 videatur.
1040 3099 1155 3191 Neque
1183 3125 1262 3168 vero

152 3204 276 3292 Phlege
305 3227 366 3269 nec
394 3205 560 3269 Lucienus
582 3200 793 3266 Heraclidem
820 3201 907 3265 inter
933 3200 1112 3288 longaevos
1140 3205 1260 3270 retulit.

150 3308 303 3388 Accedit,
335 3305 423 3394 quod
451 3327 494 3369 ex
519 3305 686 3372 Ammiani
712 3303 823 3368 verbis
847 3307 1093 3391 grammaticum
1116 3316 1262 3373 nostrum

151 3432 225 3475 eum
245 3408 353 3474 catulo
375 3409 594 3495 comparantis
616 3407 748 3471 minime
771 3404 922 3491 efficitur,
942 3415 978 3471 ut
999 3407 1263 3475 adulescentulus

151 3512 383 3599 grammaticus
410 3511 445 3574 in
469 3520 609 3576 aetatem
630 3509 767 3594 oratoris
790 3511 991 3574 senescentis
1011 3511 1190 3576 inciderit?
1209 3510 1262 3574 de-

151 3615 250 3702 nique
272 3612 347 3700 plus
369 3634 465 3699 quam
488 3613 607 3700 viginti
629 3611 724 3675 annis
747 3617 822 3674 ante
846 3610 962 3676 Cicero
984 3633 1002 3675 e
1023 3612 1093 3676 vita
1113 3611 1263 3693 decessit,

153 3738 249 3804 quam
270 3715 433 3802 Didymus
456 3715 565 3802 aliquo
588 3735 722 3778 numero
738 3734 809 3777 csse
832 3713 1004 3798 coepisset.
1036 3712 1162 3777 Eodem
1177 3714 1264 3776 enim

149 3828 297 3906 tempore
321 3816 375 3881 hic
402 3826 434 3880 et
461 3814 544 3881 Iuba
570 3816 786 3879 Mauritaniae
815 3833 876 3876 rex
902 3812 1035 3876 fuerunt
1063 3815 1133 3898 ipso
1162 3811 1264 3878 Suids

27 3973 31 3982 .
150 3929 301 4002 auctore,
325 3939 519 4007 quamquam
541 3918 636 3981 huius
656 3916 755 3981 aetati
774 3914 867 3977 illum
888 3913 1087 3977 successisse
1109 3912 1187 3978 inde
1208 3936 1262 3999 pa·
1367 3918 1378 3928 '

226 4075 252 4140 l)
275 4077 344 4127 Post
367 4093 394 4129 v.
419 4078 592 4130 ‘vocibus’
616 4078 681 4126 sunt
703 4075 751 4140 qui
774 4088 801 4125 v.
826 4075 964 4123 ‘sanast
986 4070 1120 4134 luserant,
1148 4071 1264 4125 Linden-

151 4164 245 4229 trop:
263 4176 384 4214 vanus.
478 4198 481 4203 -
1245 4166 1247 4171 '

225 4249 252 4315 2)
276 4250 318 4304 Cl.
344 4266 386 4316 ep.
415 4250 450 4301 ad
473 4252 507 4314 Q.
534 4251 568 4300 fr.
592 4250 677 4301 11.14
700 4247 744 4300 111
766 4251 783 4299 5
806 4248 839 4299 A.
865 4247 923 4299 usi
946 4247 1032 4311 prees.
1054 4261 1082 4311 p.
1102 4246 1197 4300 XXIII
1221 4247 1263 4298 ed.

150 4335 252 4386 Moser.
653 4364 655 4371 .
921 4359 923 4361 >
1057 4360 1058 4365 =
