2962 5018
233 389 295 450 292

234 575 362 617 naeus
385 550 520 637 (Vespp.
542 551 603 612 895
625 549 709 635 qu.
733 552 794 612 694
818 557 860 612 61.
883 571 925 612 m.
952 551 1024 630 631,
1045 548 1090 633 2),
1111 546 1353 612 Alexander

237 652 461 741 (1161111864),
484 649 696 736 Telephus
720 650 821 736 (Ρ1111.
834 652 922 734 725),
944 649 1198 735 Hephaestio
1223 650 1348 736 (Rann.

237 756 350 838 1295),
378 751 516 837 singulis
545 750 626 815 locis
649 751 855 816 adhibentur.
900 751 955 815 Ex
979 749 1029 813 his
1050 751 1181 835 ignotus
1204 750 1351 836 alioquin

234 858 331 922 homo
357 851 630 940 Cephisodemus3
661 853 833 917 Irenaeum
867 862 899 916 et
924 852 1165 935 Alexandrum,
1201 852 1257 938 qui
1283 851 1305 914 l.
1328 849 1348 913 l.

236 958 356 1023 similia
386 964 483 1041 atque
516 953 705 1018 Timotheus
733 955 844 1017 nescio
871 955 943 1040 quis
974 954 1095 1039 (Rann.
1126 956 1218 1017 1496.
1252 951 1348 1032 1501)

235 1059 419 1138 enarravit,
450 1055 630 1140 Euripidea
657 1056 756 1118 etiam
789 1054 913 1119 scholia
944 1056 1182 1141 praestantiora
1211 1063 1349 1136 norunt3

235 1159 415 1245 Telephum
436 1157 576 1241 denique
591 1156 819 1242 Porphyriana
840 1176 968 1242 quoque
984 1158 1018 1219 in
1032 1156 1172 1221 Iliadem
1187 1178 1350 1220 commen-

234 1261 319 1325 taria
344 1265 512 1343 usurpant.
557 1256 671 1342 Neque
698 1259 784 1343 Apio
814 1257 884 1321 sive
913 1256 1085 1320 Mochthus
1112 1257 1163 1322 bis
1192 1267 1284 1321 terve
1312 1258 1346 1320 in

235 1361 366 1426 scholiis
389 1360 447 1424 Ar.
479 1359 570 1445 (Pac.
595 1361 656 1422 778
684 1357 769 1444 qu.
806 1358 883 1443 577)
915 1359 1082 1445 appositus
1128 1360 1248 1445 (Rann.
1283 1359 1346 1421 963

235 1464 276 1528 (16
318 1459 610 1547 hippalectryone?
655 1467 687 1522 et
725 1455 834 1521 Nubb.
876 1460 981 1546 1442)
1026 1471 1058 1525 61
1101 1461 1347 1547 Epaphroditus

236 1565 335 1651 (qu.
360 1566 441 1626 1147
460 1560 583 1646 Vespp.
604 1561 681 1646 332)
705 1558 837 1623 scholiis
860 1560 956 1625 Hom.
978 1563 1093 1647 ignoti.
1137 1561 1347 1626 Palamedem

234 1685 373 1751 qnoque,
396 1685 492 1749 quem
513 1669 665 1747 quattuor
683 1660 746 1724 loci
763 1662 1015 1746 suppeditabant
1036 1664 1135 1752 (qu.
1148 1667 1210 1728 916
1222 1664 1346 1750 Vespp.

235 1768 307 1830 768.
333 1768 424 1828 1103.
456 1763 567 1844 1117),
597 1762 731 1827 totidem
765 1761 844 1826 locis
874 1763 909 1826 in
940 1764 1053 1830 scholl.
1083 1765 1127 1829 ad
1147 1764 1256 1851 Apoll.
1281 1764 1347 1828 Rh.

235 1864 479 1953 deprehendere
510 1864 658 1945 memini,
692 1884 829 1949 quorum
858 1864 1070 1930 fundamenta
1096 1869 1247 1950 Augusto
1276 1865 1348 1928 fere

234 1973 428 2054 imperatore
454 1967 539 2028 iacta
561 1985 633 2027 esse
656 1972 800 2046 constat,
831 1987 1026 2053 quamquam
1049 1990 1114 2032 non
1131 1969 1222 2031 iacta
1243 1989 1264 2031 a
1286 1965 1347 2030 Di·

236 2072 351 2157 dymo,
380 2076 417 2128 ut
444 2064 590 2128 Ritterus
619 2065 769 2128 somniat.
815 2066 984 2131 Postremo
1012 2069 1145 2133 nomino
1167 2068 1347 2155 Phryni-

235 2172 352 2235 chum
393 2174 507 2252 quater
545 2164 715 2229 dumtaxat
749 2177 1033 2233 commemoratum
1067 2170 1197 2257 quidem
1234 2167 1346 2232 Nubb.

237 2277 297 2338 754
322 2270 434 2335 Rann.
459 2269 521 2329 862
546 2265 701 2330 Dindorf.
724 2274 748 2330 t.
772 2267 807 2330 II
838 2292 870 2356 p.
897 2273 955 2333 165
985 2269 1062 2333 Pac.
1086 2275 1159 2335 414.
1183 2275 1256 2352 617,
1286 2271 1345 2333 sed

234 2379 426 2461 inspectum,
453 2367 489 2431 id
508 2369 595 2452 quod
615 2367 850 2434 Schneiderum
872 2370 967 2455 fugit,
987 2373 1129 2458 saepius,
1153 2395 1180 2436 e.
1204 2395 1236 2456 g.
1259 2372 1345 2436 Ach.

236 2481 309 2542 206.
331 2475 403 2536 209.
427 2473 488 2531 244
517 2467 640 2552 (Bekk.
664 2470 800 2534 anecdd.
824 2471 841 2534 I
862 2475 914 2554 39,
941 2472 1005 2551 15).
1027 2475 1099 2536 271.
1124 2475 1236 2558 2961).
1283 2474 1346 2538 His

234 2581 336 2666 igitur
357 2582 413 2637 aut
431 2568 661 2657 Symmachum
688 2580 744 2634 aut
764 2573 955 2637 scholiastae
979 2575 1198 2639 testimonium
1221 2576 1346 2640 denun-

234 2682 338 2746 ciaase
360 2683 460 2762 patet.
505 2671 661 2757 Reliquos
684 2693 812 2754 omnes,
848 2674 1084 2739 Callimachum
1104 2676 1344 2764 Lycophro-

234 2804 322 2846 nem
355 2772 672 2840 Eratosthenem
712 2772 990 2859 Euphronium
1026 2778 1345 2866 Aristophanem

234 2880 477 2948 Artemidorum
502 2872 727 2959 (Apollonium
756 2875 927 2942 Chaeridis
948 2880 988 2961 f.)
1023 2881 1248 2945 Timachidam
1272 2880 1346 2944 Cal-

234 2983 396 3046 listratum
432 2975 761 3040 Aristarchum
794 2977 1003 3044 Ammonium
1039 2982 1248 3068 Apollonium
1288 2983 1344 3047 Se·

235 3082 362 3145 leucum
411 3079 616 3142 Demetrium
667 3076 817 3140 Ixionem
861 3078 1096 3146 Oratetem
1142 3084 1344 3148 Herodicum

233 3179 470 3267 Apollodorum
505 3177 702 3241 Tarsensem
739 3177 1046 3266 Asclepiadem
1083 3184 1346 3249 Alexandri·

234 3306 325 3347 num
359 3277 555 3345 Chaeridem
586 3278 791 3363 Antigonum
822 3282 1030 3368 Antipatrum
1058 3287 1254 3372 Dionysium
1279 3286 1342 3370 (61)

233 3384 399 3470 Zopyrum
436 3379 638 3445 Nicandrum
673 3380 916 3466 Tyrannionem
954 3394 988 3449 et
1023 3383 1117 3463 τινὰς
1147 3383 1346 3469 ἀναγραφὰς

232 3487 354 3563 λέξεων
385 3484 521 3572 (Vespp.
544 3486 621 3568 494)
649 3505 708 3567 per
735 3482 915 3570 Didymum
940 3488 1121 3552 innotuisse
1150 3487 1346 3573 Symmacho

233 3587 388 3673 spondeo.
424 3587 475 3650 Ac
497 3583 538 3647 de
560 3583 787 3670 Lycophronis
810 3586 943 3672 quidem
967 3596 998 3650 61
1020 3586 1247 3651 Eratosthenis
1270 3610 1347 3673 ope-

231 3688 323 3752 ribus
350 3696 507 3774 tanquam
536 3686 731 3749 consociatis
760 3708 924 3773 unumque
955 3689 989 3751 in
1017 3709 1134 3774 corpus
1162 3690 1345 3752 commissis

232 3788 363 3853 abunde
389 3809 440 3850 me
469 3786 577 3851 dicere
607 3789 739 3850 memini
768 3789 803 3851 in
828 3790 934 3874 capite
963 3788 1040 3853 libri
1063 3789 1079 3852 I
1104 3794 1138 3871 5,
1171 3799 1207 3852 ut
1233 3787 1346 3852 multis

230 3888 381 3953 refellere
404 3886 596 3953 Schneideri
618 3889 805 3975 opinionem
826 3912 892 3953 non
915 3893 957 3954 sit
979 3914 1076 3977 opus,
1101 3891 1156 3978 qui
1177 3913 1209 3974 p.
1231 3892 1282 3953 58.
1303 3891 1346 3953 86

232 3986 427 4074 Symmacho
449 3992 577 4076 copiam
599 3989 866 4056 observationum
888 4000 920 4055 et
940 3993 1243 4077 interpretationum
1264 3991 1346 4054 Era-

302 4229 329 4293 1)
347 4227 437 4282 861161.
455 4229 521 4283 Α611.
535 4231 585 4281 205
605 4248 733 4297 compara
747 4249 807 4283 cum
825 4233 912 4286 Beklr.
935 4232 1049 4288 anecdd.
1070 4248 1097 4296 p.
1114 4232 1172 4294 172,
1190 4232 1225 4283 30
1242 4210 1358 4297 Vespp.

232 4311 282 4363 155
300 4330 361 4365 cum
377 4315 464 4365 Bekk.
486 4316 599 4367 anecdd.
619 4319 633 4367 1
650 4334 677 4382 p.
697 4320 757 4382 220,
777 4319 819 4369 29.
