2962 5018
238 345 299 407 268

237 511 290 576 El.
313 516 353 576 49
377 523 446 591 τοϊς
467 509 602 597 χρόνοις
621 505 770 595 ἀνῆκται.
816 508 979 596 νεώτερος
1006 509 1069 595 γὰρ
1086 509 1243 599 Ὀρέστου
1265 513 1357 578 ἐστὶν

239 608 436 693 ὁΠυθικός
463 608 567 697 ἀγών.
612 614 668 678 Tr.
702 619 714 677 1
741 608 758 678 ὁ
780 611 904 696 τρόπος
922 610 1184 699 ἀναχρονισμός·
1212 638 1355 698 μεταγε-

239 749 393 831 νέστερος
420 745 483 831 γὰρ
511 745 529 814 ὁ
552 746 684 814 Σόλων.
729 749 782 813 Ai.
812 751 890 811 1285
911 743 1052 832 ἀνῆκται
1079 761 1147 827 τοῖς
1167 734 1186 839 Ξ
1210 749 1247 837 (Ι.
1271 749 1354 833 χρό-

239 852 323 935 νοις)
336 853 358 936 Ι)
389 845 409 934 ἡ
437 852 565 933 ἱστορία
593 846 613 933 ἡ
637 849 712 933 περὶ
742 848 977 933 Κρεσφόντου.
1022 849 1137 937 Neque
1152 860 1249 916 notae
1268 854 1352 916 istae

238 977 303 1018 non
325 953 622 1040 adspergebantur,
647 953 775 1039 siquid
803 961 900 1038 poeta
923 953 1012 1016 ἴδιον
1033 951 1117 1038 (00.
1144 957 1232 1018 1119.
1259 957 1351 1020 1231.

241 1058 332 1121 1229.
367 1059 460 1140 1647)
495 1076 594 1118 ausus
624 1075 696 1117 esse
723 1054 891 1118 videretur
922 1063 955 1117 et
984 1054 1018 1116 in
1037 1053 1237 1119 adornandis
1258 1054 1353 1118 fabu-

236 1158 277 1222 lis
306 1167 339 1221 et
368 1159 401 1220 in
429 1156 591 1220 novandis
619 1154 923 1241 transferendisque
944 1155 1113 1220 vocabulis
1129 1155 1244 1241 (schol.
1268 1155 1350 1218 Eur.

237 1260 318 1324 Hac.
349 1263 362 1322 1
390 1259 447 1322 Or.
476 1259 555 1321 1632
579 1255 660 1320 Ηοο.
687 1258 746 1318 285
773 1256 872 1342 Soph.
904 1256 956 1320 El.
982 1261 1043 1320 436
1064 1257 1183 1340 (151));
1213 1257 1352 1342 siquod

237 1359 432 1424 vocabulum
456 1368 512 1422 aut
540 1359 586 1422 ita
613 1359 646 1420 in
679 1355 806 1420 deliciis
829 1357 979 1441 haberet,
1013 1368 1107 1422 uteo
1129 1357 1220 1421 abuti
1241 1358 1351 1443 potius

237 1484 333 1548 quam
357 1462 405 1524 uti
431 1459 599 1523 videretur
629 1459 712 1546 (00.
742 1461 854 1545 1329),
883 1470 939 1524 aut
961 1460 1146 1524 admisisset
1173 1457 1350 1522 dictionem

237 1562 416 1626 solitariam
441 1560 578 1647 (Phoen.
603 1563 678 1646 55),
708 1561 784 1623 iem
815 1562 928 1646 siquo
960 1561 1123 1626 schemate
1146 1580 1242 1644 saepe
1267 1581 1350 1623 usus

236 1671 323 1729 esset
342 1662 425 1749 (00.
455 1666 535 1726 1676
565 1661 616 1726 ΕΙ.
639 1664 733 1747 977),
764 1663 791 1726 si
820 1685 954 1748 quorum
982 1682 1104 1748 genera
1130 1660 1349 1724 confunderet

238 1766 334 1853 (Hec.
356 1768 417 1829 365
441 1763 513 1828 Ale.
531 1766 619 1848 773).
664 1763 884 1828 Adlinebatur
905 1774 1045 1847 σημεῖον
1076 1756 1159 1841 πρὸς
1185 1756 1246 1843 τὴν
1273 1761 1351 1824 δια-

237 1865 348 1951 φοράν
371 1865 468 1951 (Ηοο.
491 1865 562 1947 29),
587 1860 672 1946 πρὸς
691 1860 752 1948 τὴν
775 1863 953 1948 σνγιιοιιήν
975 1865 1083 1951 (320),
1104 1862 1244 1926 fortasse
1265 1858 1352 1943 πρὸς

238 1964 277 2033 τὰ
301 1963 373 2031 ἅνω
397 1965 607 2051 (001678),
631 1967 759 2052 siquid
782 1969 896 2032 deesse
921 1966 971 2030 vel
994 1964 1160 2029 abundare
1179 1962 1350 2027 videretur

237 2069 355 2155 (Andr.
382 2070 442 2131 594
468 2067 573 2128 λείπει
600 2066 669 2129 OC.
698 2070 767 2130 142.
790 2071 859 2131 152.
883 2071 952 2131 220.
978 2069 1049 2129 250.
1073 2069 1146 2129 307.
1176 2069 1249 2127 405.
1272 2068 1346 2129 481.

237 2172 309 2235 662.
337 2171 428 2231 1291.
463 2168 553 2228 1480.
580 2169 668 2229 1571.
695 2170 774 2229 1702
806 2167 857 2231 El.
882 2172 952 2232 317.
977 2169 1049 2230 348.
1076 2171 1148 2231 495.
1173 2169 1246 2231 563.
1271 2169 1346 2231 668.

237 2274 309 2335 872.
338 2274 428 2333 1007.
455 2270 544 2330 1075.
571 2269 660 2330 1225.
694 2270 773 2332 1265
796 2268 879 2331 Phil.
901 2271 920 2330 3
944 2268 1100 2349 παρέλκει
1125 2269 1175 2331 ΕΙ.
1195 2270 1247 2330 42.
1272 2269 1347 2331 272.

240 2376 318 2436 1372
347 2371 416 2436 00.
447 2370 535 2455 408).
586 2368 752 2434 Notabant
774 2369 1039 2434 consuetudinem
1067 2371 1134 2432 τῶν
1160 2367 1348 2452 νεωτέρων,

234 2476 286 2539 ΕΙ.
310 2477 368 2536 119
390 2467 430 2536 τὰ
453 2468 542 2553 παρὰ
564 2467 603 2535 τὰ
626 2470 788 2552 πρόσωπα
810 2471 982 2552 λεχθέντα,
1005 2490 1138 2533 casuum
1161 2469 1347 2554 enallagen‚

234 2576 286 2640 ΕΙ.
312 2578 372 2639 758
401 2573 533 2660 etquid
558 2575 647 2636 non?
677 2572 760 2659 (00.
784 2572 855 2634 562.
889 2574 961 2633 237.
991 2572 1052 2633 380
1087 2570 1138 2635 ΕΙ.
1167 2575 1241 2634 1211
1273 2572 1344 2638 00.

236 2679 325 2740 1621.
350 2681 429 2739 1574
455 2675 507 2739 ΕΙ.
528 2680 600 2739 657.
628 2672 732 2754 1051.)

317 2778 437 2842 Fusius
467 2779 537 2842 dixi
566 2777 606 2842 de
636 2783 784 2839 notarum
807 2775 992 2839 criticorum
1021 2775 1053 2836 in
1076 2771 1265 2860 Sophocleis
1289 2795 1345 2838 ex-

232 2878 431 2964 emplaribus
455 2902 534 2961 usu,
553 2900 615 2964 quo
638 2876 812 2941 dilucidius
837 2885 1008 2963 appareret
1032 2875 1111 2939 satis
1134 2874 1222 2939 bona
1247 2884 1347 2960 atque

232 2981 367 3065 antiqua
389 2979 513 3043 scholia
534 3001 592 3043 nos
615 3000 712 3041 manu
735 2988 840 3041 terere
857 2998 895 3040 ac
917 2979 1001 3040 iusto
1023 2978 1166 3064 iniquius
1189 2977 1230 3040 de
1253 2975 1345 3039 scho-

231 3081 283 3142 liis
306 3080 340 3140 in
354 3077 546 3163 Sophoclem
564 3079 660 3141 editis
686 3078 848 3142 iudicasse
865 3077 1069 3142 Lobeckium
1089 3079 1131 3142 sd
1146 3078 1239 3141 Aiac.
1254 3081 1294 3139 58
1311 3101 1343 3164 p.

232 3181 309 3260 228,
339 3200 401 3264 quo
424 3180 593 3263 aequiores
615 3179 739 3242 iudices
759 3201 794 3242 se
816 3190 934 3263 gerunt
948 3179 1129 3243 Bernhard.
1148 3177 1292 3243 Grundr.
1311 3179 1343 3242 d.

232 3303 283 3366 gr.
307 3280 385 3343 Litt.
415 3279 534 3343 Gesch.
558 3280 575 3341 I
603 3303 634 3365 p.
663 3284 724 3343 386
751 3279 786 3342 ΙΙ
808 3304 839 3366 p.
860 3281 932 3343 820.
963 3284 1020 3343 821
1053 3281 1168 3345 Lehrs.
1192 3281 1226 3343 in
1249 3280 1345 3344 Iahn.

231 3381 340 3445 annal.
367 3380 447 3466 phil.
478 3390 509 3443 et
530 3380 669 3467 paedag.
703 3381 782 3443 1828
803 3381 868 3444 VII
896 3405 928 3467 p.
954 3385 1010 3444 141
1035 3381 1147 3447 Wolff.
1176 3382 1216 3447 de
1240 3381 1344 3447 schol.

230 3484 291 3547 La.
313 3485 396 3544 ’1843
422 3482 451 3544 8.
472 3503 503 3566 p.
529 3482 664 3542 12-25
688 3481 840 3546 Dindorf.
864 3482 965 3546 schol.
985 3507 1017 3569 p.
1034 3482 1187 3547 XXXIV
1209 3482 1343 3546 Schnei-

228 3572 344 3648 dewin.
379 3583 412 3645 in
447 3581 539 3646 Iahn.
577 3582 685 3646 annal.
726 3585 805 3647 1853
838 3582 969 3646 LXVII
1000 3608 1031 3670 p.
1062 3588 1134 3648 501.
1180 3583 1344 3669 Numqui

228 3683 419 3770 principalis
444 3706 555 3748 eorum
578 3684 652 3748 fons
673 3684 842 3749 habendus
866 3695 924 3769 est,
947 3687 1018 3749 sive
1040 3687 1068 3749 is
1082 3685 1247 3771 Didymus
1270 3683 1344 3766 fuit,

299 3942 323 4007 l)
343 3943 454 3994 Erravit
474 3944 625 3994 autscribs
642 3949 690 3995 aut
709 3945 810 4005 odit0r3
831 3919 846 4012 ἓ
865 3946 936 4001 enim
955 3951 997 3996 est
1015 3937 1112 4010 χορός,
1132 3947 1209 3996 Boot.
1231 3962 1257 4009 p.
1277 3945 1340 4007 849,

228 4028 271 4077 cui
292 4028 361 4078 adde
379 4022 690 4092 οοιιῐοο.κα1.1.ιχόρονς
708 4035 736 4081 et
754 4025 957 4094 καλλιχρόνονς
976 4048 1019 4097 sp.
1032 4034 1097 4083 Eur.
1119 4031 1231 4096 Cresph.
1251 4031 1286 4081 ir.
1301 4032 1342 4082 1v

225 4102 253 4164 el
271 4115 490 4179 compendiosam
508 4115 584 4165 vocis
604 4109 707 4179 χρυσός
726 4119 889 4183 scripturam
900 4116 949 4170 XI.
969 4120 993 4168 X
1014 4134 1058 4182 sp.
1076 4118 1169 4168 Reisk.
1190 4117 1224 4166 nd
1243 4119 1341 4170 Const.

223 4200 356 4264 Porphyr.
376 4215 403 4264 p.
416 4198 468 4250 796
485 4200 527 4250 ed.
547 4202 645 4263 Bona„
666 4218 736 4281 qpas
753 4204 887 4254 interdum
905 4204 988 4254 etiam
1005 4202 1251 4268 χρνσοτριιιλίνιον
1262 4203 1341 4256 valet

225 4283 318 4335 eodem
336 4285 449 4335 Reiskio
466 4287 569 4337 testei.
585 4287 603 4337 1.
622 4304 649 4352 p.
663 4289 719 4340 1752
739 4287 815 4357 (640,
835 4291 850 4339 5
867 4289 910 4341 ed.
930 4288 1049 4355 Bona).-
