2962 5018
220 393 282 457 328

222 555 391 645 Elpinices
413 551 546 617 nomine
567 548 774 629 nobilitasse,
804 545 970 633 Didymus
991 546 1179 611 meminisse
1194 567 1262 611 non
1283 567 1342 632 po

219 666 314 725 terat.
354 652 507 733 Accedit,
528 649 616 737 quod
637 647 805 713 Herodem
826 648 945 713 scimus
967 649 1003 712 in
1024 669 1110 735 pago
1130 645 1343 712 Marathonio

221 758 285 824 sibi
306 753 519 821 dilectissimo
540 759 572 815 et
585 750 731 815 voluisse
747 748 880 837 sepeliri
901 758 934 814 et
948 772 1021 814 esse
1040 747 1214 835 sepultum.
1234 749 1341 813 Recte

221 859 322 945 igitur
341 855 614 922 Westermannus
636 852 742 935 biogr.
762 873 793 936 p.
815 850 880 914 189‘
896 859 929 914 et
950 849 1147 915 Leutschius
1179 849 1301 915 Philol.
1324 851 1342 914 Ι

225 964 295 1047 lp.
321 960 380 1022 129
410 954 553 1042 Sauppio
582 950 730 1016 obsecuti
756 944 897 1031 Ὀλόρου
925 973 984 1040 pro
1007 944 1193 1033 Ἡροδότου
1221 954 1341 1018 rescri-

221 1067 366 1150 pserunt.
395 1055 501 1121 Iidem
522 1074 601 1118 vero
622 1052 799 1138 neglegere
817 1073 883 1116 non
905 1052 1068 1117 debebant
1088 1054 1153 1119 duo
1175 1053 1343 1119 elementa

224 1185 283 1247 ηρ,
306 1158 391 1224 male
415 1155 558 1221 truncati
580 1153 733 1218 vocabuli
755 1154 889 1218 rarioris
914 1148 1013 1237 ἠρίον
1033 1154 1199 1241 reliquias.
1244 1154 1341 1240 Lego

221 1264 332 1349 itaque
338 1310 348 1343 ,
381 1258 519 1323 servatis
550 1254 646 1320 simul
674 1254 832 1320 librorum
865 1254 1060 1320 lectionibus
1090 1250 1278 1341 εὑρίσκεται
1307 1266 1342 1321 et

223 1357 339 1444 ὄντος,
368 1360 456 1438 ἔνθα
484 1359 706 1423 δείκνυται
732 1349 832 1439 ἠρίον
852 1349 1013 1439 Ὀλόρου,
1042 1356 1097 1420 καί
1120 1358 1341 1422 Θουκυδίδου

224 1461 329 1548 τάφος
352 1455 618 1548 εὑρίσκεται,
640 1457 746 1540 δῆλον
760 1452 813 1522 ὅτι
834 1460 896 1522 τοῦ
917 1452 1112 1526 Μιλτιάδου
1133 1458 1255 1542 γένους
1276 1455 1340 1524 ὅν-

223 1588 279 1643 τος
301 1563 368 1652 (vel
397 1560 533 1648 ὄντων).
577 1560 731 1626 Fortasse
758 1558 894 1642 Olorus,
925 1567 963 1623 ut
990 1559 1045 1645 qui
1069 1582 1090 1623 a
1108 1560 1210 1626 latere
1230 1560 1340 1627 Cimo·

222 1669 274 1733 nis
304 1673 405 1747 esset,
436 1663 636 1750 singularem
664 1659 824 1724 tumulum
848 1682 914 1724 non
941 1657 1056 1724 habuit
1082 1662 1139 1748 (ef.
1170 1662 1275 1749 Harp.
1305 1686 1339 1729 v.

223 1764 354 1854 ἠρίον),
385 1767 445 1832 sed
466 1786 625 1834 unacum
647 1760 796 1848 pluribus
823 1760 1003 1846 gentiliciis
1031 1762 1176 1828 eiusdem
1205 1786 1341 1830 mensae

224 1866 412 1956 (τραπέζης)
435 1866 599 1953 particeps
618 1862 690 1928 fuit.
724 1862 811 1927 Hinc
832 1862 931 1927 facile
953 1860 1170 1948 intellegitur,
1195 1865 1274 1952 quid
1298 1867 1343 1931 sit

224 1970 312 2058 quod
341 1965 545 2052 Thucydidis
573 1963 758 2048 sepulcrum
788 1955 995 2045 εὑρίσκεται,
1029 1963 1121 2030 01οεὶ
1150 1966 1340 2053 sepulcrum

224 2072 408 2136 δείκνυται.

308 2171 456 2236 Transeo
476 2166 519 2231 ad
540 2170 572 2246 ἕ.
593 2165 743 2229 32-34.
787 2164 895 2230 Locus
913 2175 1070 2233 tractatus
1092 2190 1166 2234 cum
1187 2171 1341 2258 exemplo

224 2277 282 2358 sit,
310 2273 399 2338 vitae
421 2266 625 2355 Thucydidis
656 2265 717 2330 hac
744 2267 908 2332 medicina
923 2293 1017 2358 opem
1040 2270 1119 2335 ferri
1141 2294 1207 2337 non
1230 2294 1341 2360 posse,

223 2384 260 2441 ut
283 2370 423 2439 frustula
443 2365 636 2432 nonnullae
655 2369 822 2455 proposito
841 2369 950 2434 aliena
970 2370 1226 2459 proscribantur,
1249 2373 1342 2460 quod

224 2472 427 2562 corruptelae
456 2492 498 2535 ex
524 2477 617 2556 parte
645 2469 804 2534 eiusmodi
825 2471 904 2554 sint,
931 2480 967 2538 ut
994 2474 1058 2538 nisi
1084 2476 1341 2561 transpositione

223 2580 399 2646 verborum
430 2572 575 2638 admissa
596 2571 636 2635 iis
669 2571 793 2636 mederi
824 2595 890 2638 uon
923 2577 1028 2660 possit
1062 2575 1120 2662 (cf.
1155 2582 1186 2659 ᾗ.
1220 2579 1259 2640 22
1293 2578 1339 2644 H.

225 2678 367 2767 steph),
399 2697 465 2740 non
487 2672 626 2759 amplius
649 2671 762 2738 dubito
791 2675 871 2760 quin
896 2675 1010 2740 eodem
1033 2677 1250 2765 qualicunque
1272 2702 1341 2745 me-

224 2783 387 2849 dicamine
403 2777 446 2842 ad
468 2774 673 2841 emendanda
694 2777 804 2863 capita
825 2779 877 2841 32.
901 2780 952 2843 33.
979 2781 1020 2842 34
1040 2780 1089 2844 uti
1110 2779 1205 2845 nobis
1227 2781 1339 2848 liceat.

225 2883 308 2948 Sunt
332 2881 389 2967 qui
410 2885 557 2959 narrent,
584 2875 797 2941 Marcellinus
817 2877 935 2960 refert,
964 2878 1192 2966 Thucydidem
1212 2880 1341 2949 ibidem

224 2992 386 3046 mortuum
414 3001 501 3062 esse,
527 2978 585 3043 ubi
610 2977 686 3043 exul
711 2979 844 3044 vixerit.
906 2979 936 3043 E
963 2983 1126 3047 contrario
1155 2981 1341 3070 Didymum

223 3083 355 3169 Zopyro
375 3080 472 3145 fidem
493 3102 559 3145 non
576 3080 794 3165 abnegantem
816 3082 957 3165 tradere,
980 3082 1072 3147 Olori
1092 3083 1195 3149 filium
1216 3085 1259 3150 ab
1282 3108 1341 3151 ex·

224 3183 281 3249 ilio
313 3181 468 3246 reducem
499 3181 638 3246 Athenis
661 3182 803 3248 occisum
838 3206 926 3266 esse,
960 3184 1164 3272 eundemque
1196 3185 1340 3253 festivae

223 3283 361 3349 ebomm
394 3284 588 3368 scriptorum
620 3284 766 3369 opinioni
798 3306 997 3370 repugnare,
1030 3287 1086 3373 qui
1118 3288 1152 3351 in
1172 3287 1340 3353 Thracum

223 3385 343 3452 finibus
365 3408 439 3450 eum
453 3384 597 3451 violenta
613 3393 717 3449 morte
730 3386 854 3471 perisse
869 3387 1011 3471 tradant,
1035 3389 1168 3454 Timaeo
1187 3387 1241 3453 vel
1255 3391 1339 3455 risui

224 3484 310 3568 dato,
332 3484 387 3572 qui
400 3483 626 3571 Thucydidem
641 3485 676 3547 in
689 3483 785 3548 Italia
797 3485 884 3549 diem
896 3508 1082 3574 supremum
1096 3487 1218 3552 obiisse
1230 3488 1339 3554 hario-

223 3586 308 3651 latus
331 3587 383 3652 sit.
429 3587 500 3650 Iam
517 3609 595 3652 vero
619 3587 704 3651 inter
725 3586 828 3651 verba
848 3585 884 3651 ἐν
904 3596 973 3664 τοῖς
995 3581 1158 3671 ἄρχουσιν
1184 3599 1216 3654 et
1237 3585 1275 3654 τδ
1300 3586 1337 3656 δ’

223 3687 261 3752 ἐν
282 3684 400 3775 Ἰταλίᾳ
427 3699 586 3776 apparent
611 3689 714 3755 verba
740 3688 973 3754 molestissima
1006 3683 1071 3771 ἐγώ
1105 3688 1142 3754 δὲ
1167 3686 1340 3774 Ζώπυρον

223 3797 338 3873 ληρεῖν
360 3794 482 3872 νομίζω
504 3794 628 3857 τοῦτον
649 3791 686 3857 ἐν
705 3787 823 3878 Θρᾴκη
842 3791 1112 3875 τετελευτηκέναι
1127 3788 1193 3856 xvi.
1222 3792 1339 3873 Quid?

222 3891 390 3978 Zopyrum
411 3914 432 3955 a
452 3903 553 3958 semet
576 3896 647 3981 ipso
675 3896 723 3958 ita
745 3894 952 3976 discessisse,
981 3904 1018 3957 ut
1045 3892 1273 3980 Thucydidem
1302 3897 1340 3958 in
1366 3967 1383 3988 ι

222 3992 365 4057 Thracia
377 4004 540 4058 mortuum
563 4016 635 4058 esse
656 3993 814 4076 traderet,
837 4016 934 4081 quem
955 3995 1051 4060 modo
1073 3994 1213 4058 Athenis
1236 3994 1338 4059 inter·

221 4093 344 4158 fectum
365 4094 554 4159 retulisset?
589 4096 711 4160 Credat
732 4094 874 4160 Iudaeus
896 4094 1025 4181 Apella.
1070 4094 1164 4160 Unus
1187 4095 1338 4160 Ritterus

220 4215 252 4278 p.
278 4196 316 4256 12
344 4193 433 4259 locos
458 4203 641 4280 pugnantes
671 4194 885 4261 reconciliare
907 4203 1043 4261 conatus
1080 4194 1193 4276 ‘Quae
1225 4197 1339 4282 pravi·

219 4303 286 4382 tas,
314 4303 351 4359 ut
379 4303 584 4383 amoveatur,
614 4297 736 4389 inquit,
777 4297 936 4390 distingui
957 4305 1085 4389 oportet
1109 4305 1146 4364 ut
1174 4317 1236 4381 ego
1269 4296 1339 4369 feci
