<?xml version="1.0" encoding="UTF-8"?>
<!DOCTYPE html PUBLIC "-//W3C//DTD XHTML 1.0 Transitional//EN"
    "http://www.w3.org/TR/xhtml1/DTD/xhtml1-transitional.dtd">
<html xmlns="http://www.w3.org/1999/xhtml" xml:lang="en" lang="en">
 <head>
  <title>
</title>
<meta http-equiv="Content-Type" content="text/html;charset=utf-8" />
  <meta name='ocr-system' content='tesseract 3.04.00' />
  <meta name='ocr-capabilities' content='ocr_page ocr_carea ocr_par ocr_line ocrx_word'/>
</head>
<body>
  <div class='ocr_page' id='page_1' title='image "./didymichalcente00schmgoog_0261.png"; bbox 0 0 2962 5024; ppageno 0'>
   <div class='ocr_carea' id='block_1_1' title="bbox 208 385 269 447">
    <p class='ocr_par' dir='ltr' id='par_1_1' title="bbox 208 385 269 447">
     <span class='ocr_line' id='line_1_1' title="bbox 208 385 269 447; baseline -0.016 0"><span class='ocrx_word' id='word_1_1' title='bbox 208 385 269 447; x_wconf 78' lang='lat'><strong><em>242</em></strong></span> 
     </span>
    </p>
   </div>
   <div class='ocr_carea' id='block_1_2' title="bbox 203 535 1321 3885">
    <p class='ocr_par' dir='ltr' id='par_1_2' title="bbox 206 535 1321 1648">
     <span class='ocr_line' id='line_1_2' title="bbox 207 535 1321 634; baseline -0.005 -20"><span class='ocrx_word' id='word_1_2' title='bbox 207 545 334 634; x_wconf 88' lang='grc' dir='ltr'><strong><em>γεινύν,</em></strong></span> <span class='ocrx_word' id='word_1_3' title='bbox 364 541 444 612; x_wconf 81' lang='grc' dir='ltr'><strong><em>οὔτε</em></strong></span> <span class='ocrx_word' id='word_1_4' title='bbox 463 540 601 630; x_wconf 88' lang='grc' dir='ltr'><strong><em>ἄτηρόν,</em></strong></span> <span class='ocrx_word' id='word_1_5' title='bbox 623 539 703 610; x_wconf 80' lang='grc' dir='ltr'><strong><em>οὔτε</em></strong></span> <span class='ocrx_word' id='word_1_6' title='bbox 725 540 882 629; x_wconf 74' lang='grc' dir='ltr'><strong><em>αἰσχρόν,</em></strong></span> <span class='ocrx_word' id='word_1_7' title='bbox 905 537 925 609; x_wconf 82' lang='grc' dir='ltr'>ὃ</span> <span class='ocrx_word' id='word_1_8' title='bbox 948 535 1011 609; x_wconf 88' lang='grc' dir='ltr'><strong><em>ούκ</em></strong></span> <span class='ocrx_word' id='word_1_9' title='bbox 1033 541 1152 627; x_wconf 80' lang='grc' dir='ltr'><strong><em>ἔχομεν</em></strong></span> <span class='ocrx_word' id='word_1_10' title='bbox 1172 536 1275 627; x_wconf 74' lang='grc' dir='ltr'><strong><em>ἡμεῖς.</em></strong></span> <span class='ocrx_word' id='word_1_11' title='bbox 1300 547 1321 625; x_wconf 65' lang='grc' dir='ltr'><strong>ξ</strong></span> 
     </span>
     <span class='ocr_line' id='line_1_3' title="bbox 207 640 1320 735; baseline -0.006 -18"><span class='ocrx_word' id='word_1_12' title='bbox 207 646 288 735; x_wconf 89' lang='grc' dir='ltr'><strong><em>ἄτης</em></strong></span> <span class='ocrx_word' id='word_1_13' title='bbox 314 645 393 730; x_wconf 86' lang='grc' dir='ltr'><strong><em>ἄτερ</em></strong></span> <span class='ocrx_word' id='word_1_14' title='bbox 423 648 463 713; x_wconf 84' lang='grc' dir='ltr'><strong><em>δέ</em></strong></span> <span class='ocrx_word' id='word_1_15' title='bbox 486 646 555 712; x_wconf 79' lang='grc' dir='ltr'><strong><em>ἐστι</em></strong></span> <span class='ocrx_word' id='word_1_16' title='bbox 580 641 617 711; x_wconf 83' lang='grc' dir='ltr'><strong><em>τὸ</em></strong></span> <span class='ocrx_word' id='word_1_17' title='bbox 645 642 788 730; x_wconf 75' lang='grc' dir='ltr'><strong><em>ἀγαθόν.</em></strong></span> <span class='ocrx_word' id='word_1_18' title='bbox 841 640 1003 731; x_wconf 82' lang='grc' dir='ltr'><strong><em>περισσὸν</em></strong></span> <span class='ocrx_word' id='word_1_19' title='bbox 1029 645 1068 710; x_wconf 85' lang='grc' dir='ltr'><strong><em>δέ</em></strong></span> <span class='ocrx_word' id='word_1_20' title='bbox 1093 642 1163 710; x_wconf 75' lang='grc' dir='ltr'><strong><em>ἐστι</em></strong></span> <span class='ocrx_word' id='word_1_21' title='bbox 1198 645 1253 710; x_wconf 81' lang='grc' dir='ltr'><strong><em>καὶ</em></strong></span> <span class='ocrx_word' id='word_1_22' title='bbox 1268 641 1320 710; x_wconf 82' lang='grc' dir='ltr'><strong><em>’τὸ</em></strong></span> 
     </span>
     <span class='ocr_line' id='line_1_4' title="bbox 207 743 1321 836; baseline -0.005 -18"><span class='ocrx_word' id='word_1_23' title='bbox 207 752 324 836; x_wconf 78' lang='grc' dir='ltr'><strong><em>ἕτερον</em></strong></span> <span class='ocrx_word' id='word_1_24' title='bbox 346 745 400 836; x_wconf 89' lang='grc' dir='ltr'><strong><em>ού,</em></strong></span> <span class='ocrx_word' id='word_1_25' title='bbox 421 744 506 815; x_wconf 76' lang='grc' dir='ltr'><strong><em>ὥστε</em></strong></span> <span class='ocrx_word' id='word_1_26' title='bbox 530 744 644 833; x_wconf 74' lang='grc' dir='ltr'><strong><em>ὥσπερ</em></strong></span> <span class='ocrx_word' id='word_1_27' title='bbox 664 745 839 832; x_wconf 80' lang='grc' dir='ltr'><strong><em>ἀπόφασιν</em></strong></span> <span class='ocrx_word' id='word_1_28' title='bbox 861 743 956 814; x_wconf 83' lang='grc' dir='ltr'><strong><em>εἶναι.</em></strong></span> <span class='ocrx_word' id='word_1_29' title='bbox 990 743 1140 831; x_wconf 80' lang='grc' dir='ltr'><strong><em>σύνηθες</em></strong></span> <span class='ocrx_word' id='word_1_30' title='bbox 1159 745 1197 812; x_wconf 74' lang='grc' dir='ltr'><strong><em>δὲ</em></strong></span> <span class='ocrx_word' id='word_1_31' title='bbox 1219 752 1321 814; x_wconf 86' lang='grc' dir='ltr'><strong><em>τοῦτο</em></strong></span> 
     </span>
     <span class='ocr_line' id='line_1_5' title="bbox 207 850 1321 940; baseline -0.004 -21"><span class='ocrx_word' id='word_1_32' title='bbox 207 864 386 940; x_wconf 78' lang='grc' dir='ltr'><strong><em>τραγικοῖς.</em></strong></span> <span class='ocrx_word' id='word_1_33' title='bbox 436 853 561 918; x_wconf 83' lang='lat' dir='ltr'>Vereor</span> <span class='ocrx_word' id='word_1_34' title='bbox 588 875 630 917; x_wconf 88' lang='lat' dir='ltr'><strong><em>nc</em></strong></span> <span class='ocrx_word' id='word_1_35' title='bbox 667 855 886 918; x_wconf 77' lang='lat' dir='ltr'><strong>inveteratum</strong></span> <span class='ocrx_word' id='word_1_36' title='bbox 910 851 942 916; x_wconf 87' lang='lat' dir='ltr'><strong><em>h.</em></strong></span> <span class='ocrx_word' id='word_1_37' title='bbox 979 850 1001 916; x_wconf 87' lang='lat' dir='ltr'><strong><em>l.</em></strong></span> <span class='ocrx_word' id='word_1_38' title='bbox 1040 852 1156 917; x_wconf 90' lang='lat' dir='ltr'><strong>vitium</strong></span> <span class='ocrx_word' id='word_1_39' title='bbox 1198 851 1321 916; x_wconf 81' lang='lat' dir='ltr'><strong>diutius</strong></span> 
     </span>
     <span class='ocr_line' id='line_1_6' title="bbox 207 953 1321 1041; baseline -0.004 -19"><span class='ocrx_word' id='word_1_40' title='bbox 207 980 242 1022; x_wconf 83' lang='lat' dir='ltr'><strong><em>se</em></strong></span> <span class='ocrx_word' id='word_1_41' title='bbox 271 956 375 1022; x_wconf 82' lang='lat' dir='ltr'><strong>oculis</strong></span> <span class='ocrx_word' id='word_1_42' title='bbox 407 956 594 1020; x_wconf 81' lang='lat' dir='ltr'><strong>criticorum</strong></span> <span class='ocrx_word' id='word_1_43' title='bbox 630 954 840 1019; x_wconf 81' lang='lat' dir='ltr'><strong>subtraxerit.</strong></span> <span class='ocrx_word' id='word_1_44' title='bbox 891 954 1121 1039; x_wconf 86' lang='lat' dir='ltr'><strong>Intellegercm</strong></span> <span class='ocrx_word' id='word_1_45' title='bbox 1150 953 1321 1041; x_wconf 82' lang='lat' dir='ltr'><strong>Sophoclis</strong></span> 
     </span>
     <span class='ocr_line' id='line_1_7' title="bbox 206 1048 1317 1142; baseline -0.005 -18"><span class='ocrx_word' id='word_1_46' title='bbox 206 1058 323 1140; x_wconf 82' lang='lat' dir='ltr'>verba,</span> <span class='ocrx_word' id='word_1_47' title='bbox 352 1057 439 1122; x_wconf 88' lang='lat' dir='ltr'><strong>hunc</strong></span> <span class='ocrx_word' id='word_1_48' title='bbox 466 1058 500 1119; x_wconf 90' lang='lat' dir='ltr'><strong><em>in</em></strong></span> <span class='ocrx_word' id='word_1_49' title='bbox 520 1056 651 1121; x_wconf 91' lang='lat' dir='ltr'><strong>modum</strong></span> <span class='ocrx_word' id='word_1_50' title='bbox 674 1057 702 1120; x_wconf 83' lang='lat' dir='ltr'><strong><em>si</em></strong></span> <span class='ocrx_word' id='word_1_51' title='bbox 729 1058 852 1142; x_wconf 82' lang='lat' dir='ltr'><strong>scripta</strong></span> <span class='ocrx_word' id='word_1_52' title='bbox 874 1064 1001 1120; x_wconf 84' lang='lat' dir='ltr'><strong>essent:</strong></span> <span class='ocrx_word' id='word_1_53' title='bbox 1024 1048 1128 1120; x_wconf 76' lang='grc' dir='ltr'><strong><em>οὐδὲν</em></strong></span> <span class='ocrx_word' id='word_1_54' title='bbox 1153 1050 1217 1138; x_wconf 86' lang='grc' dir='ltr'><strong><em>γᾶρ</em></strong></span> <span class='ocrx_word' id='word_1_55' title='bbox 1241 1048 1317 1119; x_wconf 80' lang='grc' dir='ltr'><strong><em>οὔτ’</em></strong></span> 
     </span>
     <span class='ocr_line' id='line_1_8' title="bbox 207 1149 1316 1242; baseline -0.002 -19"><span class='ocrx_word' id='word_1_56' title='bbox 207 1155 374 1242; x_wconf 81' lang='grc' dir='ltr'><strong><em>ἀλγεινόν,</em></strong></span> <span class='ocrx_word' id='word_1_57' title='bbox 389 1161 483 1222; x_wconf 78' lang='grc' dir='ltr'><strong><em>ΟΤΙ(</em></strong></span> <span class='ocrx_word' id='word_1_58' title='bbox 493 1160 624 1221; x_wconf 84' lang='grc' dir='ltr'><em>ΛΤΗΣ</em></span> <span class='ocrx_word' id='word_1_59' title='bbox 643 1151 734 1239; x_wconf 89' lang='grc' dir='ltr'><strong><em>ἄτερ,</em></strong></span> <span class='ocrx_word' id='word_1_60' title='bbox 756 1151 824 1222; x_wconf 84' lang='grc' dir='ltr'><strong><em>οὔτ’</em></strong></span> <span class='ocrx_word' id='word_1_61' title='bbox 841 1153 990 1240; x_wconf 77' lang='grc' dir='ltr'><strong><em>αἰσχρόν,</em></strong></span> <span class='ocrx_word' id='word_1_62' title='bbox 1013 1151 1081 1222; x_wconf 81' lang='grc' dir='ltr'><strong><em>οὔτ’</em></strong></span> <span class='ocrx_word' id='word_1_63' title='bbox 1105 1151 1225 1240; x_wconf 85' lang='grc' dir='ltr'><strong><em>ἄτιμόν</em></strong></span> <span class='ocrx_word' id='word_1_64' title='bbox 1247 1149 1316 1221; x_wconf 82' lang='grc' dir='ltr'><strong><em>ἐσθ’</em></strong></span> 
     </span>
     <span class='ocr_line' id='line_1_9' title="bbox 206 1252 1317 1344; baseline -0.005 -17"><span class='ocrx_word' id='word_1_65' title='bbox 206 1260 273 1327; x_wconf 84' lang='grc' dir='ltr'><strong><em>κτὲ.</em></strong></span> <span class='ocrx_word' id='word_1_66' title='bbox 319 1252 1176 1344; x_wconf 60' lang='lat' dir='ltr'><strong><em>Of.80ph.00.1707.Johnmtxotuwvotw.</em></strong></span> <span class='ocrx_word' id='word_1_67' title='bbox 1221 1257 1317 1322; x_wconf 86' lang='lat' dir='ltr'><strong>Pind.</strong></span> 
     </span>
     <span class='ocr_line' id='line_1_10' title="bbox 206 1349 1318 1448; baseline -0.004 -21"><span class='ocrx_word' id='word_1_68' title='bbox 206 1362 303 1448; x_wconf 85' lang='lat' dir='ltr'><strong>Pyth.</strong></span> <span class='ocrx_word' id='word_1_69' title='bbox 331 1360 363 1425; x_wconf 90' lang='lat' dir='ltr'>V</span> <span class='ocrx_word' id='word_1_70' title='bbox 381 1364 426 1442; x_wconf 37' lang='grc'><strong><em>,76</em></strong></span> <span class='ocrx_word' id='word_1_71' title='bbox 452 1353 495 1423; x_wconf 90' lang='grc' dir='ltr'><strong><em>ού</em></strong></span> <span class='ocrx_word' id='word_1_72' title='bbox 521 1363 615 1425; x_wconf 81' lang='grc' dir='ltr'><strong><em>θεῶν</em></strong></span> <span class='ocrx_word' id='word_1_73' title='bbox 637 1353 726 1441; x_wconf 88' lang='grc' dir='ltr'><strong><em>ἄτερ.</em></strong></span> <span class='ocrx_word' id='word_1_74' title='bbox 757 1359 793 1423; x_wconf 93' lang='grc' dir='ltr'><strong><em>ΙΙ</em></strong></span> <span class='ocrx_word' id='word_1_75' title='bbox 815 1362 834 1423; x_wconf 90' lang='grc'><strong>8</strong></span> <span class='ocrx_word' id='word_1_76' title='bbox 857 1349 897 1437; x_wconf 88' lang='grc' dir='ltr'><strong><em>ἄς</em></strong></span> <span class='ocrx_word' id='word_1_77' title='bbox 919 1355 983 1425; x_wconf 88' lang='grc' dir='ltr'><strong><em>ούκ</em></strong></span> <span class='ocrx_word' id='word_1_78' title='bbox 1005 1354 1095 1443; x_wconf 83' lang='grc' dir='ltr'><strong><em>ἄτερ.</em></strong></span> <span class='ocrx_word' id='word_1_79' title='bbox 1124 1360 1159 1424; x_wconf 94' lang='grc' dir='ltr'><strong><em>Π</em></strong></span> <span class='ocrx_word' id='word_1_80' title='bbox 1186 1362 1226 1424; x_wconf 80' lang='lat'><strong><em>32</em></strong></span> <span class='ocrx_word' id='word_1_81' title='bbox 1253 1355 1318 1423; x_wconf 87' lang='grc' dir='ltr'><strong><em>ούκ</em></strong></span> 
     </span>
     <span class='ocr_line' id='line_1_11' title="bbox 207 1455 1320 1548; baseline -0.002 -22"><span class='ocrx_word' id='word_1_82' title='bbox 207 1459 286 1544; x_wconf 82' lang='grc' dir='ltr'><strong><em>ἄτερ</em></strong></span> <span class='ocrx_word' id='word_1_83' title='bbox 309 1462 435 1545; x_wconf 81' lang='grc' dir='ltr'><strong><em>τέχνας.</em></strong></span> <span class='ocrx_word' id='word_1_84' title='bbox 460 1460 573 1525; x_wconf 82' lang='lat' dir='ltr'><strong>Isthm.</strong></span> <span class='ocrx_word' id='word_1_85' title='bbox 596 1460 646 1526; x_wconf 89' lang='lat' dir='ltr'><strong><em>VI</em></strong></span> <span class='ocrx_word' id='word_1_86' title='bbox 677 1460 731 1548; x_wconf 75' lang='lat' dir='ltr'><strong><em>[V]</em></strong></span> <span class='ocrx_word' id='word_1_87' title='bbox 757 1463 797 1523; x_wconf 81' lang='lat'><strong><em>22</em></strong></span> <span class='ocrx_word' id='word_1_88' title='bbox 820 1455 882 1525; x_wconf 90' lang='grc' dir='ltr'><strong><em>ούκ</em></strong></span> <span class='ocrx_word' id='word_1_89' title='bbox 901 1455 980 1545; x_wconf 84' lang='grc' dir='ltr'><strong><em>ἄτερ</em></strong></span> <span class='ocrx_word' id='word_1_90' title='bbox 1001 1463 1177 1527; x_wconf 84' lang='grc' dir='ltr'><strong><em>Δίοικιδᾶν.</em></strong></span> <span class='ocrx_word' id='word_1_91' title='bbox 1224 1461 1320 1525; x_wconf 80' lang='lat' dir='ltr'><strong>Valet</strong></span> 
     </span>
     <span class='ocr_line' id='line_1_12' title="bbox 206 1555 1318 1648; baseline -0.001 -22"><span class='ocrx_word' id='word_1_92' title='bbox 206 1564 307 1647; x_wconf 86' lang='lat' dir='ltr'><strong>igitur</strong></span> <span class='ocrx_word' id='word_1_93' title='bbox 331 1557 489 1646; x_wconf 85' lang='grc' dir='ltr'><strong><em>ἄλγεινόν</em></strong></span> <span class='ocrx_word' id='word_1_94' title='bbox 517 1555 693 1645; x_wconf 74' lang='grc' dir='ltr'><strong><em>ούκἍτης</em></strong></span> <span class='ocrx_word' id='word_1_95' title='bbox 715 1556 794 1645; x_wconf 87' lang='grc' dir='ltr'><strong><em>ἄτερ</em></strong></span> <span class='ocrx_word' id='word_1_96' title='bbox 817 1563 839 1624; x_wconf 92' lang='lat' dir='ltr'><strong><em>i.</em></strong></span> <span class='ocrx_word' id='word_1_97' title='bbox 864 1585 895 1648; x_wconf 90' lang='lat' dir='ltr'><strong><em>q.</em></strong></span> <span class='ocrx_word' id='word_1_98' title='bbox 918 1557 1078 1646; x_wconf 81' lang='grc' dir='ltr'><strong><em>ἀλγεινὸν</em></strong></span> <span class='ocrx_word' id='word_1_99' title='bbox 1097 1558 1195 1647; x_wconf 77' lang='grc' dir='ltr'><strong><em>’Ἁτης</em></strong></span> <span class='ocrx_word' id='word_1_100' title='bbox 1219 1557 1318 1643; x_wconf 79' lang='grc' dir='ltr'><strong><em>ύιτερ.</em></strong></span> 
     </span>
    </p>

    <p class='ocr_par' dir='ltr' id='par_1_3' title="bbox 206 1657 1319 1849">
     <span class='ocr_line' id='line_1_13' title="bbox 292 1657 1319 1752; baseline -0.001 -23"><span class='ocrx_word' id='word_1_101' title='bbox 292 1666 341 1752; x_wconf 86' lang='grc'><strong><em>(5)</em></strong></span> <span class='ocrx_word' id='word_1_102' title='bbox 364 1665 409 1728; x_wconf 91' lang='lat' dir='ltr'><strong><em>ib.</em></strong></span> <span class='ocrx_word' id='word_1_103' title='bbox 428 1669 470 1728; x_wconf 81' lang='lat'><strong><em>45</em></strong></span> <span class='ocrx_word' id='word_1_104' title='bbox 495 1664 683 1747; x_wconf 79' lang='grc' dir='ltr'><em>Δίδυμος</em></span> <span class='ocrx_word' id='word_1_105' title='bbox 712 1663 752 1727; x_wconf 86' lang='grc' dir='ltr'><strong><em>δέ</em></strong></span> <span class='ocrx_word' id='word_1_106' title='bbox 771 1679 877 1746; x_wconf 87' lang='grc' dir='ltr'><strong><em>φησιν</em></strong></span> <span class='ocrx_word' id='word_1_107' title='bbox 904 1657 971 1728; x_wconf 83' lang='grc' dir='ltr'><strong><em>ὑπὸ</em></strong></span> <span class='ocrx_word' id='word_1_108' title='bbox 995 1669 1064 1729; x_wconf 77' lang='grc' dir='ltr'><strong><em>τῶν</em></strong></span> <span class='ocrx_word' id='word_1_109' title='bbox 1085 1660 1319 1749; x_wconf 82' lang='grc' dir='ltr'><strong><em>ὑπομνηματι-</em></strong></span> 
     </span>
     <span class='ocr_line' id='line_1_14' title="bbox 206 1765 861 1849; baseline -0.002 -19"><span class='ocrx_word' id='word_1_110' title='bbox 206 1770 296 1831; x_wconf 74' lang='lat' dir='ltr'><strong>ccciv</strong></span> <span class='ocrx_word' id='word_1_111' title='bbox 310 1765 371 1833; x_wconf 84' lang='grc' dir='ltr'><strong><em>τὸν</em></strong></span> <span class='ocrx_word' id='word_1_112' title='bbox 392 1765 465 1849; x_wconf 79' lang='grc' dir='ltr'><strong><em>ἑξῆς</em></strong></span> <span class='ocrx_word' id='word_1_113' title='bbox 486 1769 599 1848; x_wconf 76' lang='grc' dir='ltr'><strong><em>στίχον</em></strong></span> <span class='ocrx_word' id='word_1_114' title='bbox 621 1768 861 1831; x_wconf 80' lang='grc' dir='ltr'><strong><em>νενοθεύσθαι.</em></strong></span> 
     </span>
    </p>

    <p class='ocr_par' dir='ltr' id='par_1_4' title="bbox 206 1857 1317 2056">
     <span class='ocr_line' id='line_1_15' title="bbox 293 1857 1317 1955; baseline -0.001 -22"><span class='ocrx_word' id='word_1_115' title='bbox 293 1869 342 1955; x_wconf 89' lang='grc'><strong><em>(6)</em></strong></span> <span class='ocrx_word' id='word_1_116' title='bbox 372 1867 416 1932; x_wconf 91' lang='lat' dir='ltr'><strong><em>ib.</em></strong></span> <span class='ocrx_word' id='word_1_117' title='bbox 453 1869 513 1930; x_wconf 79' lang='lat'><strong><em>722</em></strong></span> <span class='ocrx_word' id='word_1_118' title='bbox 544 1867 580 1932; x_wconf 87' lang='grc' dir='ltr'><strong><em>εί</em></strong></span> <span class='ocrx_word' id='word_1_119' title='bbox 607 1861 642 1931; x_wconf 89' lang='grc' dir='ltr'><strong><em>δ’</em></strong></span> <span class='ocrx_word' id='word_1_120' title='bbox 677 1857 768 1932; x_wconf 87' lang='grc' dir='ltr'><strong><em>ούν·</em></strong></span> <span class='ocrx_word' id='word_1_121' title='bbox 803 1870 834 1932; x_wconf 88' lang='grc' dir='ltr'><strong><em>εί</em></strong></span> <span class='ocrx_word' id='word_1_122' title='bbox 863 1866 902 1931; x_wconf 88' lang='grc' dir='ltr'><strong><em>δέ</em></strong></span> <span class='ocrx_word' id='word_1_123' title='bbox 931 1889 981 1940; x_wconf 89' lang='grc' dir='ltr'><strong><em>τις</em></strong></span> <span class='ocrx_word' id='word_1_124' title='bbox 1012 1860 1154 1949; x_wconf 86' lang='grc' dir='ltr'><strong><em>ἄνύητος</em></strong></span> <span class='ocrx_word' id='word_1_125' title='bbox 1179 1860 1317 1955; x_wconf 74' lang='grc' dir='ltr'><strong><em>εὑρεθῇ.</em></strong></span> 
     </span>
     <span class='ocr_line' id='line_1_16' title="bbox 206 1968 1129 2056; baseline -0.002 -22"><span class='ocrx_word' id='word_1_126' title='bbox 206 1970 396 2051; x_wconf 77' lang='grc' dir='ltr'><strong><em>Δίδυμος</em></strong></span> <span class='ocrx_word' id='word_1_127' title='bbox 414 1968 455 2032; x_wconf 82' lang='grc' dir='ltr'><strong><em>δέ</em></strong></span> <span class='ocrx_word' id='word_1_128' title='bbox 469 1983 553 2050; x_wconf 86' lang='grc' dir='ltr'><strong><em>φησι</em></strong></span> <span class='ocrx_word' id='word_1_129' title='bbox 576 2015 584 2031; x_wconf 95' lang='grc'><strong><em>.</em></strong></span> <span class='ocrx_word' id='word_1_130' title='bbox 609 2016 643 2033; x_wconf 93' lang='grc'><strong><em>..</em></strong></span> <span class='ocrx_word' id='word_1_131' title='bbox 666 1968 804 2056; x_wconf 87' lang='lat' dir='ltr'><strong>Didymi</strong></span> <span class='ocrx_word' id='word_1_132' title='bbox 825 1968 928 2033; x_wconf 83' lang='lat' dir='ltr'><strong>verba</strong></span> <span class='ocrx_word' id='word_1_133' title='bbox 949 1968 1129 2055; x_wconf 83' lang='lat' dir='ltr'><strong>perierunt.</strong></span> 
     </span>
    </p>

    <p class='ocr_par' dir='ltr' id='par_1_5' title="bbox 206 2065 1318 2256">
     <span class='ocr_line' id='line_1_17' title="bbox 293 2065 1318 2156; baseline 0.003 -23"><span class='ocrx_word' id='word_1_134' title='bbox 293 2070 341 2156; x_wconf 89' lang='grc'><strong><em>(7)</em></strong></span> <span class='ocrx_word' id='word_1_135' title='bbox 364 2070 418 2133; x_wconf 89' lang='lat' dir='ltr'><strong><em>Ai.</em></strong></span> <span class='ocrx_word' id='word_1_136' title='bbox 444 2072 484 2132; x_wconf 84' lang='lat'><strong><em>83</em></strong></span> <span class='ocrx_word' id='word_1_137' title='bbox 513 2073 705 2154; x_wconf 79' lang='grc' dir='ltr'><strong><em>Δίδυμος</em></strong></span> <span class='ocrx_word' id='word_1_138' title='bbox 739 2075 936 2153; x_wconf 87' lang='grc' dir='ltr'><strong><em>σημειούται</em></strong></span> <span class='ocrx_word' id='word_1_139' title='bbox 965 2066 1028 2152; x_wconf 80' lang='grc' dir='ltr'><strong><em>τὴν</em></strong></span> <span class='ocrx_word' id='word_1_140' title='bbox 1060 2066 1188 2153; x_wconf 86' lang='grc' dir='ltr'><strong><em>φρᾶσιν</em></strong></span> <span class='ocrx_word' id='word_1_141' title='bbox 1224 2065 1318 2137; x_wconf 62' lang='lat' dir='ltr'><strong>‘otti’</strong></span> 
     </span>
     <span class='ocr_line' id='line_1_18' title="bbox 206 2164 978 2256; baseline 0.001 -21"><span class='ocrx_word' id='word_1_142' title='bbox 206 2164 287 2235; x_wconf 76' lang='grc' dir='ltr'><strong><em>ούδέ</em></strong></span> <span class='ocrx_word' id='word_1_143' title='bbox 308 2168 353 2254; x_wconf 79' lang='grc' dir='ltr'><strong><em>μὴ</em></strong></span> <span class='ocrx_word' id='word_1_144' title='bbox 376 2172 431 2256; x_wconf 81' lang='grc' dir='ltr'><strong><em>ίδη</em></strong></span> <span class='ocrx_word' id='word_1_145' title='bbox 453 2171 581 2247; x_wconf 80' lang='grc' dir='ltr'><strong><em>κέλας.’</em></strong></span> <span class='ocrx_word' id='word_1_146' title='bbox 626 2173 765 2235; x_wconf 79' lang='lat' dir='ltr'><strong>accessit</strong></span> <span class='ocrx_word' id='word_1_147' title='bbox 786 2194 804 2234; x_wconf 88' lang='lat' dir='ltr'><strong>c</strong></span> <span class='ocrx_word' id='word_1_148' title='bbox 824 2171 914 2235; x_wconf 84' lang='lat' dir='ltr'><strong>Flor.</strong></span> <span class='ocrx_word' id='word_1_149' title='bbox 937 2172 978 2236; x_wconf 77' lang='lat' dir='ltr'><strong><em>G.</em></strong></span> 
     </span>
    </p>

    <p class='ocr_par' dir='ltr' id='par_1_6' title="bbox 205 2262 1319 2658">
     <span class='ocr_line' id='line_1_19' title="bbox 292 2262 1318 2357; baseline 0.001 -23"><span class='ocrx_word' id='word_1_150' title='bbox 292 2272 339 2357; x_wconf 87' lang='grc'><strong><em>(8)</em></strong></span> <span class='ocrx_word' id='word_1_151' title='bbox 370 2269 415 2334; x_wconf 91' lang='lat' dir='ltr'><strong><em>ib.</em></strong></span> <span class='ocrx_word' id='word_1_152' title='bbox 441 2272 503 2334; x_wconf 78' lang='lat'><strong><em>408</em></strong></span> <span class='ocrx_word' id='word_1_153' title='bbox 526 2272 739 2346; x_wconf 83' lang='grc' dir='ltr'><strong><em>δίκαλτος·</em></strong></span> <span class='ocrx_word' id='word_1_154' title='bbox 768 2265 971 2352; x_wconf 72' lang='grc' dir='ltr'><strong><em>ἀμφοτέρως</em></strong></span> <span class='ocrx_word' id='word_1_155' title='bbox 994 2281 1065 2348; x_wconf 87' lang='grc' dir='ltr'><strong><em>ταῖς</em></strong></span> <span class='ocrx_word' id='word_1_156' title='bbox 1084 2274 1216 2355; x_wconf 82' lang='grc' dir='ltr'><strong><em>χερσίν,</em></strong></span> <span class='ocrx_word' id='word_1_157' title='bbox 1244 2262 1318 2336; x_wconf 80' lang='grc' dir='ltr'><strong><em>οἷον</em></strong></span> 
     </span>
     <span class='ocr_line' id='line_1_20' title="bbox 207 2366 1318 2457; baseline 0.004 -23"><span class='ocrx_word' id='word_1_158' title='bbox 207 2372 398 2456; x_wconf 82' lang='grc' dir='ltr'><strong><em>περιδεξίως</em></strong></span> <span class='ocrx_word' id='word_1_159' title='bbox 426 2396 467 2455; x_wconf 88' lang='grc' dir='ltr'><strong><em>με</em></strong></span> <span class='ocrx_word' id='word_1_160' title='bbox 495 2372 645 2455; x_wconf 85' lang='grc' dir='ltr'><strong><em>φονεύει.</em></strong></span> <span class='ocrx_word' id='word_1_161' title='bbox 698 2371 797 2435; x_wconf 77' lang='grc' dir='ltr'><strong><em>ταυτὶ</em></strong></span> <span class='ocrx_word' id='word_1_162' title='bbox 826 2373 958 2456; x_wconf 82' lang='grc' dir='ltr'><strong><em>σθένει,</em></strong></span> <span class='ocrx_word' id='word_1_163' title='bbox 989 2366 1034 2449; x_wconf 81' lang='grc' dir='ltr'><strong><em>ὡς</em></strong></span> <span class='ocrx_word' id='word_1_164' title='bbox 1054 2375 1260 2457; x_wconf 76' lang='grc' dir='ltr'><strong><em>Δίδυμος,</em></strong></span> <span class='ocrx_word' id='word_1_165' title='bbox 1296 2368 1318 2457; x_wconf 80' lang='grc' dir='ltr'><em>ἢ</em></span> 
     </span>
     <span class='ocr_line' id='line_1_21' title="bbox 205 2469 1319 2559; baseline 0.004 -23"><span class='ocrx_word' id='word_1_166' title='bbox 205 2472 347 2554; x_wconf 87' lang='grc' dir='ltr'><strong><em>στρατός</em></strong></span> <span class='ocrx_word' id='word_1_167' title='bbox 374 2498 414 2559; x_wconf 85' lang='grc' dir='ltr'><strong><em>με</em></strong></span> <span class='ocrx_word' id='word_1_168' title='bbox 443 2470 585 2558; x_wconf 85' lang='grc' dir='ltr'><strong><em>φονεύοι</em></strong></span> <span class='ocrx_word' id='word_1_169' title='bbox 614 2469 728 2559; x_wconf 82' lang='grc' dir='ltr'><strong><em>λαβιδν</em></strong></span> <span class='ocrx_word' id='word_1_170' title='bbox 747 2469 788 2537; x_wconf 87' lang='grc' dir='ltr'><strong><em>τᾶ</em></strong></span> <span class='ocrx_word' id='word_1_171' title='bbox 808 2475 951 2539; x_wconf 80' lang='grc' dir='ltr'><strong><em>δίπαλτα</em></strong></span> <span class='ocrx_word' id='word_1_172' title='bbox 971 2471 1126 2559; x_wconf 88' lang='grc' dir='ltr'><strong><em>δορᾶτια,</em></strong></span> <span class='ocrx_word' id='word_1_173' title='bbox 1147 2469 1192 2551; x_wconf 76' lang='grc' dir='ltr'><strong><em>ὡς</em></strong></span> <span class='ocrx_word' id='word_1_174' title='bbox 1214 2480 1319 2552; x_wconf 84' lang='grc' dir='ltr'><strong><em>Πίος</em></strong></span> 
     </span>
     <span class='ocr_line' id='line_1_22' title="bbox 205 2579 319 2658; baseline 0.009 -19"><span class='ocrx_word' id='word_1_175' title='bbox 205 2579 319 2658; x_wconf 87' lang='grc' dir='ltr'><strong><em>φησί.</em></strong></span> 
     </span>
    </p>

    <p class='ocr_par' dir='ltr' id='par_1_7' title="bbox 205 2672 1317 2863">
     <span class='ocr_line' id='line_1_23' title="bbox 291 2672 1317 2764; baseline -0.002 -20"><span class='ocrx_word' id='word_1_176' title='bbox 291 2679 341 2764; x_wconf 85' lang='grc'><strong><em>(9)</em></strong></span> <span class='ocrx_word' id='word_1_177' title='bbox 367 2679 412 2743; x_wconf 92' lang='lat' dir='ltr'><strong><em>ib.</em></strong></span> <span class='ocrx_word' id='word_1_178' title='bbox 438 2681 518 2743; x_wconf 79' lang='lat'><strong>1225</strong></span> <span class='ocrx_word' id='word_1_179' title='bbox 548 2681 757 2760; x_wconf 88' lang='grc' dir='ltr'><strong><em>Δίδυμος·</em></strong></span> <span class='ocrx_word' id='word_1_180' title='bbox 791 2675 865 2742; x_wconf 58' lang='grc' dir='ltr'><strong><em>εκαὶ</em></strong></span> <span class='ocrx_word' id='word_1_181' title='bbox 886 2672 988 2761; x_wconf 82' lang='grc' dir='ltr'><strong><em>δῆλός</em></strong></span> <span class='ocrx_word' id='word_1_182' title='bbox 1005 2676 1113 2762; x_wconf 91' lang='grc' dir='ltr'><strong><em>έστιν,</em></strong></span> <span class='ocrx_word' id='word_1_183' title='bbox 1139 2672 1185 2755; x_wconf 64' lang='grc' dir='ltr'><strong><em>οἷς</em></strong></span> <span class='ocrx_word' id='word_1_184' title='bbox 1203 2701 1234 2742; x_wconf 93' lang='grc' dir='ltr'><strong><em>τι</em></strong></span> <span class='ocrx_word' id='word_1_185' title='bbox 1254 2694 1317 2761; x_wconf 90' lang='grc' dir='ltr'><strong><em>ση-</em></strong></span> 
     </span>
     <span class='ocr_line' id='line_1_24' title="bbox 205 2781 1211 2863; baseline 0 -19"><span class='ocrx_word' id='word_1_186' title='bbox 205 2783 324 2863; x_wconf 76' lang='grc' dir='ltr'><strong><em>μανῶν</em></strong></span> <span class='ocrx_word' id='word_1_187' title='bbox 352 2781 461 2845; x_wconf 69' lang='grc' dir='ltr'><strong><em>νέομ’</em></strong></span> <span class='ocrx_word' id='word_1_188' title='bbox 1210 2827 1211 2830; x_wconf 62' lang='lat'>,</span> 
     </span>
    </p>

    <p class='ocr_par' dir='ltr' id='par_1_8' title="bbox 203 2875 1318 3885">
     <span class='ocr_line' id='line_1_25' title="bbox 293 2875 1318 2969; baseline 0.002 -25"><span class='ocrx_word' id='word_1_189' title='bbox 293 2882 365 2968; x_wconf 89' lang='grc'>(10)</span> <span class='ocrx_word' id='word_1_190' title='bbox 393 2882 514 2948; x_wconf 84' lang='lat' dir='ltr'><strong>Athon.</strong></span> <span class='ocrx_word' id='word_1_191' title='bbox 536 2884 571 2947; x_wconf 94' lang='lat' dir='ltr'><strong><em>II</em></strong></span> <span class='ocrx_word' id='word_1_192' title='bbox 591 2906 624 2969; x_wconf 87' lang='lat' dir='ltr'><strong><em>p.</em></strong></span> <span class='ocrx_word' id='word_1_193' title='bbox 645 2888 685 2948; x_wconf 84' lang='grc'><strong><em>70</em></strong></span> <span class='ocrx_word' id='word_1_194' title='bbox 707 2882 733 2948; x_wconf 81' lang='lat' dir='ltr'>O</span> <span class='ocrx_word' id='word_1_195' title='bbox 763 2882 955 2965; x_wconf 88' lang='grc' dir='ltr'><strong><em>Δίδυμος</em></strong></span> <span class='ocrx_word' id='word_1_196' title='bbox 977 2875 1009 2944; x_wconf 87' lang='grc' dir='ltr'><strong><em>δ’</em></strong></span> <span class='ocrx_word' id='word_1_197' title='bbox 1039 2875 1058 2944; x_wconf 86' lang='grc' dir='ltr'><strong>ὁ</strong></span> <span class='ocrx_word' id='word_1_198' title='bbox 1081 2903 1318 2967; x_wconf 84' lang='grc' dir='ltr'><strong><em>γραμματι-</em></strong></span> 
     </span>
     <span class='ocr_line' id='line_1_26' title="bbox 206 2977 1316 3072; baseline 0.002 -25"><span class='ocrx_word' id='word_1_199' title='bbox 206 2977 277 3058; x_wconf 87' lang='grc' dir='ltr'><strong><em>κὸς</em></strong></span> <span class='ocrx_word' id='word_1_200' title='bbox 299 2980 521 3068; x_wconf 82' lang='grc' dir='ltr'><strong><em>ἐξηγούμενος</em></strong></span> <span class='ocrx_word' id='word_1_201' title='bbox 543 2980 633 3068; x_wconf 80' lang='grc' dir='ltr'><strong><em>παρὰ</em></strong></span> <span class='ocrx_word' id='word_1_202' title='bbox 658 2987 704 3072; x_wconf 73' lang='grc' dir='ltr'><strong><em>τῷ</em></strong></span> <span class='ocrx_word' id='word_1_203' title='bbox 723 2988 897 3066; x_wconf 78' lang='grc' dir='ltr'><strong><em>Σοφοκλεῖ</em></strong></span> <span class='ocrx_word' id='word_1_204' title='bbox 918 2980 955 3047; x_wconf 86' lang='grc' dir='ltr'><strong><em>τὸ</em></strong></span> <span class='ocrx_word' id='word_1_205' title='bbox 975 2980 1160 3066; x_wconf 82' lang='grc' dir='ltr'><strong><em>κύναρος</em></strong></span> <span class='ocrx_word' id='word_1_206' title='bbox 1183 2979 1316 3049; x_wconf 93' lang='grc' dir='ltr'><strong><em>ἄκαν-</em></strong></span> 
     </span>
     <span class='ocr_line' id='line_1_27' title="bbox 205 3081 1317 3170; baseline 0.003 -21"><span class='ocrx_word' id='word_1_207' title='bbox 205 3090 260 3149; x_wconf 79' lang='grc' dir='ltr'><strong><em>θα</em></strong></span> <span class='ocrx_word' id='word_1_208' title='bbox 287 3082 449 3167; x_wconf 58' lang='grc' dir='ltr'><strong><em>εμήποτε,</em></strong></span> <span class='ocrx_word' id='word_1_209' title='bbox 483 3090 581 3168; x_wconf 85' lang='grc' dir='ltr'><strong><em>φησί,</em></strong></span> <span class='ocrx_word' id='word_1_210' title='bbox 612 3081 675 3170; x_wconf 81' lang='grc' dir='ltr'><strong><em>τὴν</em></strong></span> <span class='ocrx_word' id='word_1_211' title='bbox 698 3083 910 3170; x_wconf 84' lang='grc' dir='ltr'><strong><em>κυνόσβατον</em></strong></span> <span class='ocrx_word' id='word_1_212' title='bbox 931 3084 1035 3168; x_wconf 90' lang='grc' dir='ltr'><strong><em>λέγει,</em></strong></span> <span class='ocrx_word' id='word_1_213' title='bbox 1069 3083 1125 3151; x_wconf 84' lang='grc' dir='ltr'><strong><em>διδ</em></strong></span> <span class='ocrx_word' id='word_1_214' title='bbox 1148 3083 1186 3152; x_wconf 88' lang='grc' dir='ltr'>τὸ</span> <span class='ocrx_word' id='word_1_215' title='bbox 1210 3081 1317 3152; x_wconf 86' lang='grc' dir='ltr'><strong><em>ἄκαν-</em></strong></span> 
     </span>
     <span class='ocr_line' id='line_1_28' title="bbox 205 3181 1317 3272; baseline 0.004 -23"><span class='ocrx_word' id='word_1_216' title='bbox 205 3186 318 3260; x_wconf 72' lang='grc' dir='ltr'><strong><em>δοῖδες</em></strong></span> <span class='ocrx_word' id='word_1_217' title='bbox 341 3184 397 3249; x_wconf 81' lang='grc' dir='ltr'><strong><em>καὶ</em></strong></span> <span class='ocrx_word' id='word_1_218' title='bbox 419 3182 522 3267; x_wconf 85' lang='grc' dir='ltr'><strong><em>τραχύ</em></strong></span> <span class='ocrx_word' id='word_1_219' title='bbox 551 3181 636 3252; x_wconf 82' lang='grc' dir='ltr'><strong><em>εἶναι</em></strong></span> <span class='ocrx_word' id='word_1_220' title='bbox 665 3187 702 3253; x_wconf 90' lang='grc' dir='ltr'><strong>τό</strong></span> <span class='ocrx_word' id='word_1_221' title='bbox 733 3187 855 3271; x_wconf 85' lang='grc' dir='ltr'><strong><em>φυτόν.</em></strong></span> <span class='ocrx_word' id='word_1_222' title='bbox 899 3188 954 3253; x_wconf 79' lang='grc' dir='ltr'><strong><em>καί</em></strong></span> <span class='ocrx_word' id='word_1_223' title='bbox 981 3185 1045 3272; x_wconf 80' lang='grc' dir='ltr'><strong><em>γὰρ</em></strong></span> <span class='ocrx_word' id='word_1_224' title='bbox 1073 3184 1093 3272; x_wconf 84' lang='grc' dir='ltr'><em>ἡ</em></span> <span class='ocrx_word' id='word_1_225' title='bbox 1117 3193 1235 3256; x_wconf 80' lang='grc' dir='ltr'><strong><em>Πυθία</em></strong></span> <span class='ocrx_word' id='word_1_226' title='bbox 1256 3191 1317 3268; x_wconf 81' lang='grc' dir='ltr'><strong><em>ξυ-</em></strong></span> 
     </span>
     <span class='ocr_line' id='line_1_29' title="bbox 205 3281 1318 3376; baseline 0.006 -27"><span class='ocrx_word' id='word_1_227' title='bbox 205 3287 304 3368; x_wconf 89' lang='grc' dir='ltr'><strong><em>λίνην</em></strong></span> <span class='ocrx_word' id='word_1_228' title='bbox 332 3283 420 3352; x_wconf 87' lang='grc' dir='ltr'><strong><em>κύνα</em></strong></span> <span class='ocrx_word' id='word_1_229' title='bbox 448 3281 529 3351; x_wconf 88' lang='grc' dir='ltr'><strong><em>αύτὸ</em></strong></span> <span class='ocrx_word' id='word_1_230' title='bbox 561 3284 631 3353; x_wconf 81' lang='grc' dir='ltr'><strong><em>είκε</em></strong></span> <span class='ocrx_word' id='word_1_231' title='bbox 658 3291 714 3355; x_wconf 81' lang='grc' dir='ltr'><strong><em>καὶ</em></strong></span> <span class='ocrx_word' id='word_1_232' title='bbox 740 3286 910 3373; x_wconf 86' lang='grc' dir='ltr'><strong><em>ὁΔοκρὸς</em></strong></span> <span class='ocrx_word' id='word_1_233' title='bbox 931 3287 1082 3374; x_wconf 86' lang='grc' dir='ltr'><strong><em>χρησμδν</em></strong></span> <span class='ocrx_word' id='word_1_234' title='bbox 1105 3287 1219 3376; x_wconf 75' lang='grc' dir='ltr'><strong><em>λαβὼν</em></strong></span> <span class='ocrx_word' id='word_1_235' title='bbox 1248 3290 1318 3356; x_wconf 74' lang='grc' dir='ltr'><strong><em>ἐκεῖ</em></strong></span> 
     </span>
     <span class='ocr_line' id='line_1_30' title="bbox 205 3383 1317 3486; baseline 0.005 -34"><span class='ocrx_word' id='word_1_236' title='bbox 205 3383 307 3452; x_wconf 79' lang='grc' dir='ltr'><strong><em>πόλιν</em></strong></span> <span class='ocrx_word' id='word_1_237' title='bbox 323 3390 486 3472; x_wconf 80' lang='grc' dir='ltr'><strong><em>οἰκίζειν,</em></strong></span> <span class='ocrx_word' id='word_1_238' title='bbox 510 3383 598 3454; x_wconf 83' lang='grc' dir='ltr'><strong><em>ὅπου</em></strong></span> <span class='ocrx_word' id='word_1_239' title='bbox 622 3385 665 3454; x_wconf 83' lang='grc' dir='ltr'><strong><em>ἄν</em></strong></span> <span class='ocrx_word' id='word_1_240' title='bbox 687 3387 911 3486; x_wconf 78' lang='grc' dir='ltr'><strong><em>ύιιδξυλίνης</em></strong></span> <span class='ocrx_word' id='word_1_241' title='bbox 932 3389 1036 3470; x_wconf 87' lang='grc' dir='ltr'><strong><em>κυυδς</em></strong></span> <span class='ocrx_word' id='word_1_242' title='bbox 1058 3394 1184 3479; x_wconf 69' lang='grc' dir='ltr'><strong><em>δηχθῇ,</em></strong></span> <span class='ocrx_word' id='word_1_243' title='bbox 1214 3417 1317 3458; x_wconf 87' lang='grc' dir='ltr'><strong><em>κατα-</em></strong></span> 
     </span>
     <span class='ocr_line' id='line_1_31' title="bbox 203 3485 1315 3580; baseline 0.005 -28"><span class='ocrx_word' id='word_1_244' title='bbox 203 3488 345 3569; x_wconf 79' lang='grc' dir='ltr'><strong><em>μνχθελς</em></strong></span> <span class='ocrx_word' id='word_1_245' title='bbox 371 3485 432 3572; x_wconf 84' lang='grc' dir='ltr'><strong><em>την</em></strong></span> <span class='ocrx_word' id='word_1_246' title='bbox 464 3488 596 3576; x_wconf 82' lang='grc' dir='ltr'><strong><em>κνήμην</em></strong></span> <span class='ocrx_word' id='word_1_247' title='bbox 627 3488 694 3559; x_wconf 84' lang='grc' dir='ltr'><strong><em>ύιτό</em></strong></span> <span class='ocrx_word' id='word_1_248' title='bbox 729 3493 943 3580; x_wconf 83' lang='grc' dir='ltr'><strong><em>κυνοσβάτου</em></strong></span> <span class='ocrx_word' id='word_1_249' title='bbox 976 3497 1083 3560; x_wconf 81' lang='grc' dir='ltr'><strong><em>ἔκτισε</em></strong></span> <span class='ocrx_word' id='word_1_250' title='bbox 1115 3490 1182 3578; x_wconf 81' lang='grc' dir='ltr'><strong><em>τὴν·</em></strong></span> <span class='ocrx_word' id='word_1_251' title='bbox 1205 3493 1315 3560; x_wconf 82' lang='grc' dir='ltr'><strong><em>πόλιν.</em></strong></span> 
     </span>
     <span class='ocr_line' id='line_1_32' title="bbox 203 3585 1316 3679; baseline 0.007 -28"><span class='ocrx_word' id='word_1_252' title='bbox 203 3586 273 3652; x_wconf 76' lang='grc' dir='ltr'><strong><em>ἐστὶ</em></strong></span> <span class='ocrx_word' id='word_1_253' title='bbox 305 3588 342 3653; x_wconf 77' lang='grc' dir='ltr'><strong><em>δὲ</em></strong></span> <span class='ocrx_word' id='word_1_254' title='bbox 373 3585 390 3653; x_wconf 85' lang='grc' dir='ltr'><em>ὁ</em></span> <span class='ocrx_word' id='word_1_255' title='bbox 423 3592 633 3679; x_wconf 83' lang='grc' dir='ltr'><strong><em>κυνόσβατος</em></strong></span> <span class='ocrx_word' id='word_1_256' title='bbox 667 3592 791 3679; x_wconf 83' lang='grc' dir='ltr'><strong><em>μεταξύ</em></strong></span> <span class='ocrx_word' id='word_1_257' title='bbox 823 3594 962 3679; x_wconf 83' lang='grc' dir='ltr'><strong><em>θάμνου</em></strong></span> <span class='ocrx_word' id='word_1_258' title='bbox 995 3596 1050 3662; x_wconf 85' lang='grc' dir='ltr'><strong><em>καὶ</em></strong></span> <span class='ocrx_word' id='word_1_259' title='bbox 1076 3597 1240 3678; x_wconf 84' lang='grc' dir='ltr'><strong><em>δένδρον,</em></strong></span> <span class='ocrx_word' id='word_1_260' title='bbox 1270 3591 1316 3672; x_wconf 80' lang='grc' dir='ltr'><strong><em>ύς</em></strong></span> 
     </span>
     <span class='ocr_line' id='line_1_33' title="bbox 204 3691 1317 3780; baseline 0.006 -28"><span class='ocrx_word' id='word_1_261' title='bbox 204 3704 288 3770; x_wconf 83' lang='grc' dir='ltr'><strong><em>φησι</em></strong></span> <span class='ocrx_word' id='word_1_262' title='bbox 310 3691 526 3777; x_wconf 82' lang='grc' dir='ltr'><strong><em>Θεόφραστος</em></strong></span> <span class='ocrx_word' id='word_1_263' title='bbox 556 3694 693 3762; x_wconf 79' lang='grc' dir='ltr'><strong><em>καὶτὸν</em></strong></span> <span class='ocrx_word' id='word_1_264' title='bbox 719 3694 853 3778; x_wconf 83' lang='grc' dir='ltr'><strong><em>καρπὸν</em></strong></span> <span class='ocrx_word' id='word_1_265' title='bbox 874 3700 939 3780; x_wconf 77' lang='grc' dir='ltr'><strong><em>ἔχει</em></strong></span> <span class='ocrx_word' id='word_1_266' title='bbox 967 3693 1119 3779; x_wconf 79' lang='grc' dir='ltr'><strong><em>έρυθρόν</em></strong></span> <span class='ocrx_word' id='word_1_267' title='bbox 1139 3693 1317 3778; x_wconf 79' lang='grc' dir='ltr'><strong><em>παραπλή-</em></strong></span> 
     </span>
     <span class='ocr_line' id='line_1_34' title="bbox 204 3793 1249 3885; baseline 0.011 -34"><span class='ocrx_word' id='word_1_268' title='bbox 204 3807 282 3853; x_wconf 87' lang='grc' dir='ltr'><strong><em>σιον</em></strong></span> <span class='ocrx_word' id='word_1_269' title='bbox 300 3794 341 3877; x_wconf 75' lang='grc' dir='ltr'><strong><em>τῇ</em></strong></span> <span class='ocrx_word' id='word_1_270' title='bbox 352 3793 446 3880; x_wconf 75' lang='grc' dir='ltr'><strong><em>ῥοιᾷ·</em></strong></span> <span class='ocrx_word' id='word_1_271' title='bbox 470 3799 535 3880; x_wconf 80' lang='grc' dir='ltr'><strong><em>ἔχει</em></strong></span> <span class='ocrx_word' id='word_1_272' title='bbox 552 3795 588 3863; x_wconf 75' lang='grc' dir='ltr'><strong><em>δὲ</em></strong></span> <span class='ocrx_word' id='word_1_273' title='bbox 606 3796 662 3863; x_wconf 86' lang='grc' dir='ltr'><strong><em>καὶ</em></strong></span> <span class='ocrx_word' id='word_1_274' title='bbox 682 3795 720 3864; x_wconf 83' lang='grc' dir='ltr'><strong><em>τὸ</em></strong></span> <span class='ocrx_word' id='word_1_275' title='bbox 741 3795 875 3882; x_wconf 87' lang='grc' dir='ltr'><strong><em>φύλλον</em></strong></span> <span class='ocrx_word' id='word_1_276' title='bbox 895 3795 1053 3882; x_wconf 77' lang='grc' dir='ltr'><strong><em>ἀγνῶδες.</em></strong></span> <span class='ocrx_word' id='word_1_277' title='bbox 1087 3799 1139 3864; x_wconf 80' lang='lat' dir='ltr'><strong><em>Cf.</em></strong></span> <span class='ocrx_word' id='word_1_278' title='bbox 1151 3822 1183 3885; x_wconf 92' lang='lat' dir='ltr'><strong><em>p.</em></strong></span> <span class='ocrx_word' id='word_1_279' title='bbox 1197 3802 1249 3862; x_wconf 85' lang='lat'><strong><em>88.</em></strong></span> 
     </span>
    </p>
   </div>
   <div class='ocr_carea' id='block_1_3' title="bbox 287 3969 1314 4288">
    <p class='ocr_par' dir='ltr' id='par_1_9' title="bbox 287 3969 1314 4288">
     <span class='ocr_line' id='line_1_35' title="bbox 479 3969 1044 4167; baseline 0.012 -25"><span class='ocrx_word' id='word_1_280' title='bbox 479 3969 773 4167; x_wconf 66' lang='grc' dir='ltr'><strong><em>Ἵίτομνήμαᾶἄ</em></strong></span> <span class='ocrx_word' id='word_1_281' title='bbox 790 4034 1044 4163; x_wconf 39' lang='grc' dir='ltr'><strong><em>Εὐριπίδου..</em></strong></span> 
     </span>
     <span class='ocr_line' id='line_1_36' title="bbox 287 4191 1314 4288; baseline 0.012 -35"><span class='ocrx_word' id='word_1_282' title='bbox 287 4191 334 4275; x_wconf 87' lang='grc'><strong><em>(1)</em></strong></span> <span class='ocrx_word' id='word_1_283' title='bbox 369 4192 448 4258; x_wconf 87' lang='lat' dir='ltr'><strong>Eur.</strong></span> <span class='ocrx_word' id='word_1_284' title='bbox 472 4196 630 4263; x_wconf 84' lang='lat' dir='ltr'><strong>Androm.</strong></span> <span class='ocrx_word' id='word_1_285' title='bbox 655 4204 716 4265; x_wconf 79' lang='lat'><strong><em>329</em></strong></span> <span class='ocrx_word' id='word_1_286' title='bbox 740 4201 841 4266; x_wconf 85' lang='lat' dir='ltr'><strong>schol.</strong></span> <span class='ocrx_word' id='word_1_287' title='bbox 864 4202 903 4265; x_wconf 90' lang='lat' dir='ltr'><strong><em>R.</em></strong></span> <span class='ocrx_word' id='word_1_288' title='bbox 927 4225 979 4288; x_wconf 83' lang='lat' dir='ltr'><strong><em>ap.</em></strong></span> <span class='ocrx_word' id='word_1_289' title='bbox 1004 4202 1117 4267; x_wconf 85' lang='lat' dir='ltr'><strong>Cobet.</strong></span> <span class='ocrx_word' id='word_1_290' title='bbox 1141 4225 1173 4288; x_wconf 89' lang='lat' dir='ltr'><strong><em>p.</em></strong></span> <span class='ocrx_word' id='word_1_291' title='bbox 1197 4206 1238 4266; x_wconf 84' lang='lat'><strong><em>37</em></strong></span> <span class='ocrx_word' id='word_1_292' title='bbox 1259 4201 1314 4265; x_wconf 92' lang='lat' dir='ltr'><strong><em>W.</em></strong></span> 
     </span>
    </p>
   </div>
   <div class='ocr_carea' id='block_1_4' title="bbox 202 4284 1312 4385">
    <p class='ocr_par' dir='ltr' id='par_1_10' title="bbox 202 4284 1312 4385">
     <span class='ocr_line' id='line_1_37' title="bbox 202 4284 1312 4385; baseline 0.012 -33"><span class='ocrx_word' id='word_1_293' title='bbox 202 4284 280 4355; x_wconf 86' lang='grc' dir='ltr'><strong><em>ούκ</em></strong></span> <span class='ocrx_word' id='word_1_294' title='bbox 297 4288 395 4370; x_wconf 68' lang='grc' dir='ltr'><strong><em>ἀξιοῖ</em></strong></span> <span class='ocrx_word' id='word_1_295' title='bbox 414 4288 592 4363; x_wconf 88' lang='grc' dir='ltr'><strong><em>ούτόύν</em></strong></span> <span class='ocrx_word' id='word_1_296' title='bbox 611 4319 655 4365; x_wconf 84' lang='grc' dir='ltr'><strong><em>σε</em></strong></span> <span class='ocrx_word' id='word_1_297' title='bbox 672 4307 822 4383; x_wconf 87' lang='grc' dir='ltr'><strong><em>Τροίας</em></strong></span> <span class='ocrx_word' id='word_1_298' title='bbox 844 4299 942 4368; x_wconf 82' lang='grc' dir='ltr'><strong><em>οὔτε</em></strong></span> <span class='ocrx_word' id='word_1_299' title='bbox 963 4307 1040 4367; x_wconf 86' lang='grc' dir='ltr'><strong><em>σού</em></strong></span> <span class='ocrx_word' id='word_1_300' title='bbox 1056 4308 1212 4385; x_wconf 89' lang='grc' dir='ltr'><strong><em>Τροίαν</em></strong></span> <span class='ocrx_word' id='word_1_301' title='bbox 1235 4304 1312 4366; x_wconf 79' lang='grc' dir='ltr'><strong><em>ἔτι·</em></strong></span> 
     </span>
    </p>
   </div>
   <div class='ocr_carea' id='block_1_5' title="bbox 0 0 1486 5024">
    <p class='ocr_par' dir='ltr' id='par_1_11' title="bbox 0 0 1486 5024">
     <span class='ocr_line' id='line_1_38' title="bbox 0 0 1486 5024; baseline 0 0"><span class='ocrx_word' id='word_1_302' title='bbox 0 0 1486 5024; x_wconf 95' lang='lat' dir='ltr'><strong><em> </em></strong></span> 
     </span>
    </p>
   </div>
  </div>
 </body>
</html>
