2932 5002
1184 428 1246 493 339

134 592 229 672 τρίτη
250 582 326 675 etv}
350 590 454 673 πέτρα
475 583 497 674 ἢ
520 592 676 676 ποταμός.
699 598 827 677 είρηιαι
846 594 922 678 περὶ
943 593 1043 679 ῥέειν.
1069 598 1134 659 είτε
1156 591 1246 677 παρὰ

134 682 172 752 τό
194 699 297 771 τρεῖν.
332 689 445 776 φόβον
467 687 532 775 γάρ
551 692 684 775 ἐμποιεῖ
701 704 772 771 τοῖς
792 694 963 760 πλέουσιν.
997 689 1043 772 οἷς
1064 711 1147 778 φησι
1170 698 1247 762 Δί-

131 790 276 874 δυμος.
320 785 445 875 ὤφειλε
466 790 522 858 διὰ
542 798 601 879 τῆς
624 796 716 879 είςφ
739 793 949 879 γράφεσθαι,
982 801 1052 862 είτα
1069 791 1135 881 γάρ
1155 790 1246 878 παρά

31 947 34 953 ’
131 956 169 1025 τό
192 959 265 1047 ῥεῖν
287 966 353 1028 εἴτε
369 959 459 1047 παρὰ
481 959 518 1029 τό
541 973 643 1047 τρεῖν.
667 903 798 1050 instit}
819 962 856 1030 ot
877 968 923 1052 τῷ
943 924 1028 1033 καάό
1051 952 1120 1032 τοῖν
1142 955 1247 1054 ciel]

129 1067 305 1148 θηλυκῶν,
327 1058 460 1130 καὶδιά
482 1069 545 1130 τοῦ
565 1089 587 1150 η
607 1087 662 1148 γρ.

215 1164 411 1231 Emendatio
440 1166 548 1232 facilis
578 1177 643 1233 est:
680 1167 732 1233 bis
761 1178 849 1233 certe
877 1169 1086 1236 scribendum
1114 1169 1245 1235 videtur

131 1269 197 1330 είτε
217 1269 382 1350 παρῆκται
404 1264 494 1351 παρὰ
514 1263 551 1334 τό
575 1270 663 1354 ῥεῖν,
694 1279 726 1334 et
754 1291 814 1357 pro
840 1271 887 1347 είς
911 1292 937 1352 φ
964 1270 1069 1335 voluit
1089 1269 1244 1336 librarius

131 1387 160 1430 ει
180 1364 386 1451 διφθόγγου.
430 1370 594 1457 Didymus
621 1371 721 1455 igitur
743 1372 875 1457 scripsit
894 1365 1117 1455 Ἀμφιτρήτη,
1150 1374 1242 1435 cuius

130 1468 348 1556 veriloquium
370 1472 519 1557 recoquit
533 1469 731 1557 Hesychius,
750 1492 845 1557 quem
864 1470 932 1535 vid.
945 1473 1042 1535 etiam
1058 1493 1084 1535 s.
1097 1493 1130 1535 v.
1153 1494 1243 1554 τρι-

128 1565 199 1633 τοί·
230 1570 355 1654 ῥεῦμα,
376 1567 515 1654 τρόμος,
538 1568 656 1656 φόβος.
700 1571 851 1637 Aliorum
871 1571 1054 1660 veriloquis
1075 1582 1244 1637 enumerat

128 1667 306 1757 Klopferus
319 1671 361 1737 sd
377 1671 503 1737 Nitsch.
516 1672 651 1759 mythol.
666 1673 681 1737 Ι
697 1695 729 1758 p.
745 1675 814 1738 183.
837 1673 1077 1759 Futilissimum
1088 1675 1242 1760 propinat

128 1769 230 1835 schol.
250 1770 371 1859 Odyss.
394 1796 416 1856 γ
437 1775 489 1837 91.
811 1860 813 1862 q

213 1990 295 2056 Ood.
319 1991 470 2055 Vossian.
491 2000 533 2056 et.
552 2013 595 2056 m.
612 1995 685 2075 567,
702 1998 742 2059 40
760 2014 781 2058 a
799 1992 988 2061 Gaisfordio
1016 2018 1048 2082 p.
1069 1997 1144 2058 1611
1170 2002 1238 2058 not.

128 2089 246 2156 allatus
268 2086 359 2159 λιτό
366 2115 398 2168 ς·
418 2085 436 2155 ό
456 2093 558 2175 πένης
578 2090 635 2158 καὶ
655 2089 810 2178 δημότης.
833 2086 855 2178 ἢ
876 2086 896 2160 ό
919 2093 957 2160 ἐκ
979 2097 1145 2172 λιτανείας
1163 2095 1239 2172 ζοίν.

125 2184 148 2275 ἢ
176 2187 194 2258 ό
225 2193 279 2260 ἐπὶ
308 2196 367 2276 τῆς
392 2196 454 2276 γῆς
481 2188 699 2277 κοιμώμενος.
744 2191 834 2272 λιτὸς
858 2189 876 2260 ό
897 2189 1034 2280 εὐτελὴς
1054 2191 1156 2281 χιτάν
1186 2193 1241 2261 καὶ

127 2286 310 2371 άποίκιλος.
344 2295 532 2377 Δίδυμος
551 2291 641 2377 παρά
662 2292 700 2360 τό
722 2300 814 2361 λεῖον
835 2291 916 2362 αότό
935 2296 1022 2380 λέγει
1044 2294 1101 2362 διὰ
1122 2301 1180 2381 τῆς
1198 2319 1238 2362 ει.

126 2387 148 2478 ἡ
172 2390 210 2459 tt
230 2392 415 2479 παράδοσις
443 2391 499 2458 διά
522 2398 584 2459 τοῦ
606 2420 629 2459 ι.
673 2388 713 2458 τά
737 2393 794 2460 διά
819 2400 881 2461 τοῦ
903 2420 973 2474 ιτος
994 2392 1239 2480 ἀποστρέφεται

125 2491 188 2579 τὴν
217 2517 264 2577 ει,
304 2504 394 2571 σῖτος
427 2494 653 2579 ἐπαφρόδιτος
679 2498 785 2578 λῖτος,
818 2493 931 2579 χωρὶς
949 2501 1012 2562 τοῦ
1044 2492 1190 2577 κλεινός,
1218 2491 1238 2560 ό

125 2581 335 2683 ἔνδοξοςκαί
356 2590 396 2659 τά
418 2589 501 2677 παρ’
526 2591 643 2661 αὐτοῦ.
689 2595 743 2660 cf.
769 2597 878 2660 Crem.
901 2596 1040 2664 anecdd.
1053 2597 1088 2661 II
1110 2599 1181 2678 238,
1201 2601 1237 2659 14

127 2696 305 2763 Herodian.
335 2697 406 2760 sive
426 2696 549 2760 Arcad.
571 2697 612 2762 do
633 2717 701 2761 aco.
724 2719 756 2783 p.
778 2699 835 2778 78,
860 2700 899 2760 10
933 2699 990 2780 79,
1011 2699 1093 2759 8-5
1119 2697 1175 2780 82,
1201 2699 1238 2760 10

125 2797 178 2862 cd.
200 2797 340 2876 Barker.

210 2898 265 2964 Ex
286 2899 432 2965 eiusdem
454 2899 496 2963 de
522 2923 535 2963 ι
557 2892 787 2984 άνεκφωνήτφ
816 2895 1061 2984 quaestionibus
1083 2894 1164 2961 haec
1186 2917 1237 2960 su·

124 3008 261 3084 percunt
282 2998 481 3084 fragmenta:

667 3123 697 3181 7.

208 3233 262 3298 Et.
271 3257 314 3298 m.
323 3235 396 3317 452,
406 3236 446 3300 30
459 3232 616 3320 θνῄσκω·
628 3272 664 3284 -
677 3227 695 3300 ό
706 3234 891 3317 Δίδυμος
901 3227 1003 3316 χωρίς
1012 3232 1075 3297 τοῦ
1087 3254 1111 3314 ι,
1124 3223 1237 3314 ὥσπερ

96 3326 191 3399 ·άπό
219 3338 281 3400 τοῦ
306 3329 415 3419 άρίσω
443 3338 624 3420 μέλλοντος
650 3339 800 3420 γίγνεται
826 3332 882 3399 καί
904 3335 925 3413 †
947 3329 1110 3418 μεθόσκω
1135 3336 1237 3397 πλεο-

12 3521 17 3527 ·
73 3455 78 3464 ·
123 3438 241 3523 νασμῷ
267 3439 330 3500 τοῦ
353 3459 374 3501 κ
394 3434 450 3502 καὶ
468 3433 668 3521 μετάγονται
692 3438 739 3514 είς
762 3435 945 3518 ἐνεστιότα,
978 3429 1068 3499 οὕτω
1092 3432 1147 3498 καὶ
1169 3427 1235 3497 άπό

123 3537 185 3599 τοῦ
205 3539 278 3618 pusi
298 3534 415 3621 μνήσω
436 3537 491 3604 καὶ
511 3541 587 3605 ovo
608 3537 727 3623 θνήσω
746 3543 894 3621 γίγνεται
911 3531 1053 3619 θνῄσκω
1075 3532 1130 3598 καί
1149 3529 1236 3617 μνήτ

123 3652 193 3699 σκοι
217 3635 272 3700 καί
293 3632 364 3701 οὐκ
377 3641 443 3721 ἔχει
467 3633 504 3703 τό
526 3663 548 3703 ι.
578 3640 687 3703 biam.
707 3636 846 3701 snecdd.
871 3638 935 3700 Ox.
952 3635 969 3698 Ι
987 3637 1046 3698 196
1068 3627 1105 3698 τό
1121 3633 1248 3716 μέντοι-

122 3731 264 3818 θνήσκοι
284 3734 339 3800 καί
353 3734 528 3821 μιμνήσκεο
547 3733 565 3801 ό
582 3736 645 3820 μὲν
659 3737 846 3820 Δίδυμος
860 3730 944 3799 ἄνευ
959 3736 1022 3799 τοῦ
1038 3758 1060 3798 ι.
1082 3727 1104 3817 ἡ
1121 3734 1235 3817 μέντοι

124 3831 307 3919 παράδοσις
332 3832 396 3904 οόκ
424 3838 565 3922 ἐπείσθη
593 3831 725 3919 αὐτοῖς,
757 3835 829 3901 ἐπεὶ
860 3834 896 3899 οί
918 3836 1052 3914 Αίολεῖς
1083 3837 1236 3900 θναίσκιο

121 3938 176 4002 καί
199 3939 349 4022 μναίσκω
366 3939 534 4023 λέγουσιν.
579 3938 758 4004 Herodian.
779 3937 821 4001 ad
840 3935 937 4000 Hom.
960 3934 1000 3999 Il.
1024 3940 1054 4000 Δ
1076 3939 1138 4000 799
1149 3937 1191 4002 Α.

207 4040 349 4128 ῗΜοΙλοε
370 4062 469 4105 voces
490 4061 578 4105 nunc
607 4047 755 4104 carentes
777 4039 844 4103 iota
872 4035 1056 4122 subscripto
1084 4038 1117 4099 in
1146 4036 1235 4101 codi-

120 4138 213 4205 cibus
229 4162 302 4205 cum
323 4139 380 4206 illo
401 4142 617 4228 reperiuntur.
641 4140 680 4204 E.
693 4162 721 4205 c.
741 4139 859 4228 ζῷον)
879 4158 939 4224 pro
960 4138 1058 4220 ζῶον,
1078 4160 1111 4201 v.
1126 4135 1233 4221 Epist.

196 4347 220 4413 Ι)
240 4349 299 4400 Ηοο
317 4348 452 4414 praecipit
470 4347 642 4400 Herodianus
661 4346 771 4398 Arcadii
790 4360 818 4410 p.
840 4345 898 4408 122,
915 4346 931 4395 2
950 4343 1000 4486 epi2
1011 4343 1094 4464 puk.
1109 4343 1174 4407 Lps.
