2964 5010
242 394 262 453 2

327 557 446 622 Suidas
474 558 575 641 igitur
597 558 662 623 vol.
684 558 701 622 Ι
721 581 754 644 p.
780 561 860 622 1330
889 558 930 622 de
951 557 1188 641 grammaticis,
1217 557 1274 642 qui
1296 555 1354 619 Di-

244 660 334 746 dymi
363 659 492 722 nomine
513 659 738 741 innotuerunt,
764 658 846 722 haee
866 659 981 723 tradit:
1015 660 1167 741 Δίδυμος
1195 653 1354 741 Aisepos

244 756 509 846 ταριχοπώλου)
537 754 813 844 Ἀριστάρχειος’)
836 753 1091 844 Ἀλεξανδρεύς,
1122 756 1270 843 γεγονώς
1296 753 1352 822 ἐπ’
1463 832 1466 838 ,

184 937 188 944 ,
241 856 455 944 Ἀντωνίου)
478 862 534 926 καί
556 866 748 946 Κικέρωνος
770 861 825 926 καί
844 859 905 938 ἕως
925 856 1145 945 Αὐγούστου,
1168 860 1353 926 Χαλκέντε-

245 988 303 1047 ρος
323 961 491 1051 κληθείς)
515 959 571 1028 διὰ
593 961 656 1047 τὴν
679 964 755 1044 περὶ
779 961 820 1026 τὰ
837 967 951 1048 βιβλία
969 962 1144 1049 ἐπιμονήν.
1186 961 1269 1045 φασὶ
1289 954 1355 1042 γὰρ

245 1060 351 1140 αὐτὸν
380 1067 652 1149 συγγεγραφέναι
678 1060 765 1145 ὑπὲρ
792 1060 832 1128 τα
863 1063 927 1153 γφ’
956 1069 1077 1150 βιβλία.
1131 1064 1258 1128 Eadem
1285 1062 1355 1126 sere
1375 1052 1381 1086 ³

244 1168 347 1231 refert
370 1165 513 1251 Hesyeh.
544 1167 651 1232 Miles.
678 1171 708 1249 ξ.
740 1170 777 1230 19
805 1167 874 1231 vol:
897 1167 947 1231 IV
967 1191 1000 1254 p.
1034 1171 1086 1232 161
1121 1167 1173 1231 ed.
1201 1163 1355 1228 Mueller:

245 1270 398 1351 Δίδυμος
425 1261 443 1330 ὁ
466 1261 703 1350 Ἀλεξανδρεύς
731 1265 787 1333 διὰ
816 1265 878 1352 τὴν
898 1265 1013 1356 ιιρόςῡ)
1037 1269 1078 1333 τὰ
1105 1270 1218 1354 βιβλία
1239 1265 1357 1348 ἐντιμο-

245 1366 311 1451 νὴν
332 1371 561 1452 Χαλκέντερος
583 1367 762 1453 ἐπεκλήθη.
797 1370 881 1456 φασί
901 1369 938 1436 δὲ
960 1364 1067 1437 αὐτὸν
1085 1368 1358 1453 συγγεγραφέναι

245 1465 333 1553 ὑπὲρ
357 1466 397 1535 τὰ
423 1474 581 1555 τριςγίλια
608 1459 812 1539 ιιινταιιόσια
835 1475 961 1557 βιβλίαε
991 1495 1098 1560 neque
1119 1470 1271 1540 dissentit
1292 1468 1357 1532 Eu·

246 1573 342 1640 dosia
368 1595 400 1658 p.
434 1575 492 1637 133
499 1622 510 1656 ,
545 1575 609 1638 nisi
644 1575 731 1661 quod
765 1575 933 1640 nominum
963 1575 1017 1640 sui
1051 1574 1127 1640 aevi
1153 1573 1358 1659 propriorum

247 1675 353 1757 exitu,
392 1673 502 1761 qualia
527 1685 607 1764 sunt
635 1672 882 1760 Μοσχόιτουλος
916 1671 1189 1760 Ἀργυρόιιουλος
1222 1665 1357 1746 Ξανθί-

247 1781 373 1851 ιιουλος
390 1768 661 1856 Ἀρμενόιιουλος
680 1778 824 1864 decepta,
846 1773 1093 1861 ταριχοιτοιίλου
1112 1770 1190 1842 ὑιόν
1205 1773 1357 1861 appellat,

234 1877 414 1967 .verbaque
436 1873 491 1941 καί
511 1873 575 1954 ἕως
595 1871 801 1960 Αὐγούστου
823 1881 941 1944 omisit.
985 1879 1101 2000 Ροιςίλ
1120 1878 1256 1944 Suidas:
1284 1877 1359 1939 Δί-

249 1981 378 2061 δυμος
400 1977 475 2054 νέος
486 1970 722 2062 Ἀλεξανδρενς
744 1978 987 2065 γραμματικός,
1006 1975 1044 2058 ὃς
1063 1981 1301 2062 ἐσοφίστευσιν
1321 1975 1359 2037 ἐν

243 2076 361 2165 Ῥώμῃ,
384 2079 510 2160 ἔγραψε
525 2077 665 2164 πιθανα,
679 2082 755 2166 περὶ
769 2078 1005 2167 ὀρθσγραφίας
1011 2078 1106 2169 “)ιιαὶ
1121 2076 1204 2147 αλλα
1222 2083 1360 2143 πλεῖστα

248 2176 342 2248 καὶ’
322 2196 457 2263 αριστα;
480 2182 533 2245 eui
552 2181 770 2269 adstipulatur
784 2184 1094 2264 Maerembelitissa,
1115 2180 1230 2247 neemia
1251 2189 1361 2244 tamen

250 2283 372 2348 ultimis
386 2281 498 2347 verbis
511 2287 649 2348 πλειστα
669 2279 759 2350 καλ”
738 2305 869 2371 αριστα,
890 2287 1076 2373 additisque
1098 2284 1152 2350 ιἰαὶ
1166 2278 1268 2359 αὐτός
1287 2291 1370 2370 post

246 2375 483 2467 Ἀλεξανδρεύς
511 2393 543 2447 et
566 2386 624 2448 καί
651 2395 726 2471 post
752 2380 800 2465 ὅς.
853 2388 893 2452 In
922 2388 973 2453 his
998 2388 1131 2455 turbata
1163 2409 1235 2452 esse
1259 2385 1362 2451 multa

251 2509 345 2577 nemo
376 2508 442 2551 non
455 2484 575 2570 xvidet,
604 2507 687 2572 quae
710 2487 839 2557 facilius
869 2491 903 2553 in
929 2489 1077 2555 ordinem
1106 2511 1200 2563 suum
1222 2489 1361 2554 adduae·

250 2599 379 2673 rentur,
402 2590 467 2654 nisi
486 2587 622 2652 iunioris
644 2587 781 2676 Didymi
803 2589 976 2658 obliterata
1000 2591 1071 2657 fere
1088 2592 1245 2657 memoria
1264 2599 1360 2657 esset.

251 2693 385 2758 Nullum
406 2693 493 2757 enim
521 2689 685 2776 equidem,
708 2693 764 2777 qui
794 2692 864 2758 eius
887 2693 1074 2760 testimonie
1099 2714 1178 2761 usus
1198 2693 1256 2775 sit,
1284 2691 1363 2755 seri·
1442 2756 1447 2775 ,

250 2805 378 2883 pt'orem
406 2793 484 2858 novi
504 2800 634 2877 praeter
654 2799 696 2856 et.
721 2793 807 2860 Grud.
831 2796 887 2879 81,
918 2799 975 2861 43:
1004 2789 1195 2882 ἀρτηρία·
1227 2794 1363 2860 Δίδυ-

251 2920 328 2982 μσς
349 2888 368 2958 ὁ
392 2887 600 3007 νεώτερός
621 2909 705 2979 φησι
724 2896 848 2978 ἰατρῶν
865 2900 981 2977 παῖδες
1003 2898 1112 2985 φλέβα
1134 2899 1281 2981 αἳματος,
1300 2888 1363 2977 oie-

252 3001 370 3082 τηρίαν
389 2994 426 3060 δὲ
449 2989 639 3075 πνεύματος
661 2988 807 3077 ιἰγγειὸν.
852 2999 903 3065 cf.
925 3010 1097 3077 comment.
1113 3020 1224 3065 meam
1247 2996 1287 3062 de
1305 2995 1363 3059 Di-

253 3100 340 3186 dym
368 3121 439 3163 voe.
468 3096 608 3202 interp.
612 3093 744 3163 IOlsn.
780 3103 856 3165 1851
883 3126 916 3190 p.
946 3105 995 3169 12.
1051 3102 1124 3165 Hoc
1151 3099 1265 3178 video,
1292 3098 1363 3162 sine

252 3200 484 3287 impedimento
504 3173 611 3262 laeum
633 3197 779 3266 lectum
770 3202 828 3285 ni,
857 3203 974 3270 hune
965 3228 1000 3268 m
1019 3202 1150 3268 modum
1172 3201 1201 3264 si
1222 3199 1364 3319 scriptus

254 3310 356 3365 esset:
378 3301 585 3424 Δίδομος,
604 3297 829 3468 Διδύοου-
850 3302 1014 3388 ἐπιμονὴν
1041 3300 1139 3387 (φασὶ
1168 3298 1232 3385 γὰρ
1256 3295 1364 3367 αυτὸν

253 3399 525 3487 συγγεγραφέναι
555 3395 642 3486 ὑπὲρ
669 3400 710 3470 τὰ
739 3404 805 3495 γφ’
829 3411 956 3492 βιβλία)
943 3413 973 3489 )·
998 3400 1035 3482 ὃς
1054 3404 1297 3488 ίσοφίστευσεν
1327 3403 1364 3468 ἐν

247 3502 364 3592 Ῥώμῃ.
396 3507 543 3597 ἔγραψεν
566 3558 572 3569 .
596 3555 603 3569 .
626 3555 632 3569 .
656 3557 662 3569 .
686 3504 834 3592 πιθανά,
857 3507 932 3589 περὶ
952 3504 1185 3591 όρθογραφίας
1207 3506 1263 3571 καί
1280 3500 1365 3572 ἄλλα

326 3712 351 3779 1)
371 3706 600 3781 Κωγφᾶούμενυι
618 3717 843 3769 salsamentorum
866 3715 1021 3768 venditores
1044 3714 1154 3766 suerunt
1171 3713 1366 3780 Chaerephilus

255 3799 394 3864 Euthynes
418 3797 577 3867 Phidippus.
620 3804 661 3854 De
689 3803 862 3855 salsamentis
885 3802 1076 3881 Alexandrinis
1100 3803 1173 3855 conf.
1198 3801 1297 3854 Athen.
1324 3803 1367 3853 111

255 3903 281 3951 p.
303 3885 346 3936 87.
364 3885 434 3937 Poll
454 3887 583 3951 vl1‚27.

324 3972 393 4038 nu
412 3963 581 4038 ἅριστόχειρ.

276 4100 278 4104 .
325 4060 419 4126 3)ΒΕ
432 4060 492 4111 edd
512 4065 576 4111 unta
593 4062 703 4113 kuster.
726 4051 909 4124 Ἆντωνίνον,
934 4060 1031 4113 deinde
1053 4051 1228 4124 Νινίρωνος.

325 4147 400 4213 aa)
423 4137 598 4212 ἔ.ιιιιιληθείς

325 4233 351 4298 5)
372 4234 427 4286 Sis.
446 4236 489 4286 De
503 4235 611 4286 eonius.
630 4225 703 4300 πρός
721 4240 749 4286 et
767 4233 835 4300 περί
850 4233 906 4286 vid.
919 4235 997 4288 Bast.
1015 4244 1111 4284 comm.
1124 4231 1264 4298 palaeogr.
1270 4247 1297 4296 p.
1305 4232 1368 4282 85.38

325 4320 351 4385 ὓ)
376 4321 437 4372 eod.
457 4323 545 4374 Paris.
564 4338 607 4387 ap.
625 4321 829 4387 Brequingyp.
850 4319 882 4372 lu
897 4316 1084 4385 γεωγραφίας.
