2932 5002
234 364 296 426 366

231 530 349 614 pressi.
405 530 549 613 Egregie
579 552 658 595 vero
694 530 952 616 fragmentorum
984 554 1044 618 par
1075 536 1105 621 (l
1136 543 1169 598 et
1197 534 1232 619 3)
1262 534 1359 599 favet

233 630 440 695 coniecturae
468 638 598 694 nostrae
626 651 725 716 supra
749 633 952 720 propositae,
983 643 1113 718 praeter
1134 635 1236 717 ξένην
1258 636 1358 700 ίστο·

233 732 310 811 ρίαν
338 729 477 795 alterum
504 732 602 796 ctiam
630 733 820 818 opusculum
844 733 995 821 idemque
1024 735 1140 799 similis
1164 737 1358 819 argumenti

231 833 453 918 composuisse
476 831 667 918 Didymum,
690 832 965 919 μεταμορφώσεις
986 836 1189 923 inscriptum.

318 933 410 998 Haec
437 934 507 999 fere
535 933 651 1014 habui,
681 957 764 1021 quae
788 936 829 999 de
856 934 940 1000 libro
967 937 1062 1019 ξένης
1087 938 1234 1019 ἱστορίας
1263 959 1354 1002 com-

225 1044 403 1101 mentarer.
459 1035 630 1122 Superest,
670 1057 734 1122 quo
767 1037 887 1100 certius
920 1039 1134 1123 persuadeam
1169 1037 1353 1102 lectoribus

231 1141 310 1202 satis
339 1139 484 1201 ieiunum
511 1137 704 1224 futilemque
726 1159 761 1200 ee
784 1137 969 1202 fabularum
992 1150 1215 1204 enarratorem
1236 1140 1271 1203 in
1297 1140 1351 1203 his

230 1241 325 1303 libris
350 1240 552 1327 praestitisse
576 1239 776 1325 Didymum,
806 1262 913 1326 neque
936 1242 1068 1306 eosdem
1093 1242 1227 1305 maioris
1248 1242 1350 1325 pretii

232 1341 344 1421 fuisse,
369 1361 464 1426 quam
478 1340 668 1427 Palaephati
687 1341 853 1427 personati
868 1340 1014 1405 libellum
1030 1341 1071 1406 de
1086 1340 1349 1421 incredibilibus,

230 1451 266 1506 ut
299 1440 531 1505 transscribam
566 1463 649 1527 quae
679 1464 731 1527 ap.
766 1441 867 1505 schol.
897 1442 976 1506 Eur.
1007 1441 1095 1506 Med.
1126 1445 1187 1506 276
1222 1442 1286 1506 vol.
1318 1441 1351 1505 V

229 1567 261 1631 p.
284 1548 346 1608 357
379 1542 496 1607 Matth.
525 1545 566 1606 dc
593 1543 730 1607 Medeae
763 1542 939 1608 liberorum
964 1545 1097 1607 interitu
1125 1545 1267 1607 somniat
1288 1541 1349 1605 Di-

231 1646 363 1730 dymus,
383 1646 502 1724 atrocis
523 1645 721 1709 infanticidii
744 1645 879 1709 crimine
902 1645 1037 1709 studens
1059 1655 1094 1707 ut
1117 1645 1269 1708 Medeam
1290 1642 1349 1706 ab·

230 1747 351 1811 solvat:
391 1742 454 1829 τὴν
482 1742 546 1828 γὰρ
572 1743 728 1829 Μήδειαν
759 1747 847 1828 λέγει
880 1748 940 1833 (ee.
965 1744 1184 1833 Creophylus)
1213 1746 1348 1825 διατρί-

230 1854 361 1933 βουσαν
382 1848 419 1912 έν
435 1839 596 1937 Κορίνθῳ
615 1844 675 1912 τδν
696 1842 841 1929 ἄρχοντα
864 1847 938 1913 τότε
959 1851 1018 1930 τῆς
1039 1844 1168 1921 πόλεως
1186 1839 1349 1910 ἀποκτεῖ-

230 1973 285 2013 ναι
304 1948 502 2032 φαρμάκοις.
525 1953 683 2014 δείσασαν
705 1946 742 2012 δὲ
764 1944 843 2026 τούς
865 1954 987 2032 φίλους
1003 1949 1057 2014 καὶ
1074 1942 1153 2024 τούς
1168 1958 1349 2030 συγγενεῖς

229 2047 336 2115 αὐτοῦ
361 2060 485 2133 φυγεῖν
515 2053 561 2126 είς
581 2045 742 2133 Ἀθήνας,
773 2048 852 2128 τούς
880 2051 917 2117 δὲ
941 2051 1056 2135 υίούς,
1091 2050 1162 2116 ἐπεὶ
1182 2047 1348 2132 νεώτεροι

230 2146 326 2227 ὄντες
354 2146 417 2215 οὐκ
443 2147 612 2234 ἠδύναντο
640 2147 846 2217 ἀκολουθεῖν
871 2158 1009 2218 καθίσαι
1043 2155 1105 2240 (sic
1123 2153 1259 2234 Meton,
1284 2175 1349 2216 κα-

228 2261 320 2319 θιεῖν
337 2253 449 2338 codd.)
475 2251 528 2318 ἐπὶ
549 2249 609 2318 τὸν
631 2248 748 2337 βωμὸν
770 2257 828 2336 τῆς
847 2249 1000 2338 Ἀκραίας
1011 2251 1132 2337 Ἥρας,
1156 2255 1349 2334 νομίσασαν

229 2352 290 2420 τδν
312 2354 437 2437 πατέρα
459 2350 573 2420 αὐτῶν
592 2365 767 2438 φροντιεῖν
788 2359 846 2438 τῆς
866 2360 1029 2439 σωτηρίας
1050 2351 1172 2420 αὐτῶν.
1203 2348 1286 2430 τούς
1307 2353 1347 2418 δὲ

230 2457 397 2541 Κρέοντος
420 2461 565 2535 οίκείους
582 2450 845 2533 ἀποκτείναντας
868 2451 993 2533 αὐτοὺς
1013 2459 1190 2522 διαδοῦναι
1205 2453 1346 2538 λόγους,

229 2556 282 2626 ὅτι
304 2554 326 2643 ἡ
346 2556 481 2643 Μήδεια
507 2552 551 2623 οὐ
578 2555 685 2641 μόνον
714 2555 774 2623 τὸν
800 2557 952 2639 Κρέοντα
974 2552 1059 2623 ἀλλὰ
1082 2556 1137 2623 καὶ
1159 2552 1239 2633 τούς
1263 2554 1347 2621 ἑαυ-

229 2667 287 2747 τῆς
304 2666 424 2740 παῖδας
446 2655 629 2725 ἀπέκτεινε.
660 2660 836 2743 γεγονέναι
856 2657 892 2725 δὲ
912 2657 1147 2742 παραπλήσιον
1158 2655 1347 2743 μυθεύε-

228 2788 293 2829 ται
322 2765 388 2829 καί
419 2761 513 2847 περὶ
545 2758 617 2826 τὸν
642 2757 831 2827 Ἄδωνιν.
885 2761 937 2826 Cf.
972 2762 1085 2826 Ioann.
1118 2760 1273 2826 Antioch.
1310 2762 1345 2823 in

108 2849 112 2857 ⁸
228 2867 340 2932 Muell.
368 2867 401 2931 h.
430 2867 488 2930 Gr.
518 2865 566 2928 IV
593 2888 624 2951 p.
653 2866 726 2928 542.
770 2864 916 2948 Insignis
941 2862 1039 2926 etiam
1064 2863 1106 2927 ad
1129 2863 1345 2947 comproban-

229 2968 315 3049 dum,
332 2969 464 3052 egregio
482 2967 604 3030 favisse
619 2966 799 3053 Didymum
816 2964 1000 3031 fabularum
1017 2963 1227 3053 explicationi
1244 2985 1345 3049 quam

132 3064 137 3069 ’
229 3068 343 3132 dicunt
380 3069 601 3154 pragmaticae
640 3069 719 3131 satis
753 3067 801 3131 illi
838 3066 967 3143 ieiunae
1009 3068 1106 3131 etiarn
1146 3065 1201 3129 ille
1238 3065 1344 3129 schol.

227 3167 341 3253 Eurip.
376 3166 490 3232 Cobet.
523 3169 612 3234 locus
645 3176 709 3249 est,
742 3170 776 3232 in
797 3162 873 3254 ¹quo
903 3168 1033 3232 Paridis
1065 3168 1221 3234 iudicium
1254 3167 1345 3231 unde

228 3269 340 3333 fictum
363 3270 405 3333 eit
427 3272 601 3355 exponitur
627 3268 795 3333 Anticlide
818 3279 851 3333 et
870 3269 1055 3357 Chrysippo
1076 3270 1277 3350 auctoribus,
1314 3271 1344 3333 si

227 3369 358 3456 quidem
378 3380 466 3434 recte
489 3372 691 3457 suspicamur
715 3370 816 3435 schol.
835 3373 879 3436 ad
895 3371 975 3435 Eur.
990 3371 1149 3435 Androm.
1162 3372 1223 3433 276
1238 3393 1269 3456 p.
1288 3374 1341 3435 36.

228 3476 267 3536 37
291 3471 449 3536 Witzsch.
473 3495 546 3537 esse
568 3471 769 3557 Didymeum
803 3475 887 3538 ἔνιοι
910 3471 947 3538 δὲ
980 3472 1038 3559 (cf.
1058 3473 1164 3536 Varro
1191 3493 1244 3559 ap.
1272 3476 1342 3535 Au-

228 3576 349 3659 gustin.
373 3576 411 3639 C.
431 3574 474 3638 D.
492 3573 611 3638 XVIII
630 3573 682 3659 10)
702 3576 906 3652 διεψεῦσθαί
924 3594 1007 3658 φασι
1031 3575 1107 3663 (hoc
1129 3573 1231 3638 verbo
1250 3584 1341 3637 certe

227 3677 328 3740 utitur
340 3676 504 3763 Didymus
526 3678 568 3741 ad
581 3677 688 3741 Orest.
703 3678 779 3760 876)
800 3672 862 3760 τὴν
882 3680 992 3760 κρίσιν
1011 3680 1079 3740 τοῖν
1100 3678 1205 3758 θεῶν,
1228 3672 1341 3739 καθά-

227 3799 290 3859 περ
321 3775 443 3861 γράφει
470 3773 693 3861 Ἀντικλείδης
725 3779 782 3864 (cf.
812 3778 926 3843 Meier.
954 3800 1069 3844 comm.
1097 3776 1224 3841 Andoc.
1248 3776 1342 3840 v13

226 3900 258 3964 p.
279 3896 329 3942 v11
358 3903 389 3944 n.
416 3881 501 3964 131).
546 3882 620 3961 τρία
648 3878 712 3962 γάρ
740 3878 807 3944 ἐστι
837 3884 905 3944 τῶν
934 3877 1122 3960 ἐπιχωρίων
1146 3872 1270 3960 γύναια
1301 3874 1342 3943 τὰ

227 3981 274 4055 είς
299 3978 360 4062 τὴν
389 3983 447 4064 τῆς
476 3979 659 4065 εὐμορφίας
691 3986 801 4064 κρίσιν
829 3977 1052 4046 καταστάντας
1078 4019 1121 4029 -
1142 3980 1216 4066 V.¹)
1244 3977 1342 4062 Χρύ-

299 4222 323 4287 Ι)
352 4220 493 4286 Sophoclis
515 4220 697 4287 fragmentum
721 4240 735 4273 a
756 4222 850 4274 fabula
873 4215 1012 4287 Ποιμένες
1036 4221 1169 4286 inscripta
1193 4221 1222 4270 in
1245 4221 1344 4272 eadem

226 4305 322 4355 scholii
339 4313 416 4371 parto
439 4315 595 4372 excerptum
618 4310 690 4360 huno
713 4312 740 4360 in
758 4311 865 4361 modum
886 4312 993 4375 corrigo
1006 4300 1085 4373 Ἴδης
1106 4303 1144 4372 δή
1168 4322 1237 4357 ποτε
1254 4309 1342 4373 μηλο-
