2932 5002
1186 413 1248 477 349

137 584 228 670 Bip.)
260 593 449 670 excerptum
480 583 532 647 his
562 582 671 668 pergit
704 580 830 645 verbis:
870 580 1052 665 ‘Didymus
1084 579 1181 642 etiam
1213 597 1252 641 ea

140 685 321 749 confirmat.
366 686 555 769 Δίδυμος
575 684 677 768 ἐντῷ
696 680 772 766 περὶ
793 685 852 765 τῆς
871 677 961 765 παρὰ
976 673 1145 763 Ῥωμαίοις
1167 671 1252 742 άυα-

141 788 265 868 λογίας.
310 780 426 862 Ἴωνες
455 785 510 849 καὶ
536 778 676 850 Ἀττικοὶ
703 779 743 848 τά
776 781 840 846 δύο
873 777 976 865 ἥμισυ
1008 775 1112 864 ἥμισυ
1139 782 1253 861 τρίτον

140 889 255 969 φασίν.
300 885 356 951 καὶ
383 884 423 952 τά
453 886 487 964 ἓξ
516 882 620 970 ἥμισυ
649 882 811 968 τάλαντα,
840 882 988 967 ἕβδομον
1016 875 1251 966 ἡμιτάλαντον.

139 988 196 1054 καὶ
219 984 301 1065 τούς
325 988 487 1068 τέσσαρας
514 981 618 1071 ἥμισυ
648 983 763 1071 πήχεις
792 985 947 1069 πέμπτην
973 980 1164 1068 σπιθαμήυ,
1190 1009 1252 1049 κα-

139 1086 254 1174 θάπερ
284 1087 390 1173 φησὶν
411 1082 680 1171 Ἡλιόδωρος,
716 1080 753 1164 ὃς
779 1085 942 1168 προσθεὶς
963 1080 1001 1150 τὸ
1024 1085 1087 1150 *έν
1106 1084 1149 1150 δὲ
1171 1091 1253 1151 Βα-

139 1189 388 1275 τουσιάδης’
425 1190 626 1279 (Archiloch.
658 1189 699 1254 fr.
735 1191 775 1252 85
807 1210 840 1274 p.
873 1190 935 1253 486
965 1187 1105 1274 Bergk.)
1138 1188 1177 1254 έν
1209 1191 1284 1276 τῷ

139 1294 235 1377 περὶ
252 1296 464 1377 μουσικῆς
488 1291 639 1373 ἐπιφέρει
663 1294 776 1375 τρίτον
803 1283 986 1373 ἡμιπόδιον
1007 1282 1083 1354 ἀντὶ
1103 1295 1166 1355 τοῦ
1189 1288 1253 1355 δύο

141 1386 245 1476 ἥμισυ
266 1389 378 1470 πόδες.
423 1394 479 1459 καί
498 1390 663 1476 καθόλου,
696 1386 781 1457 ὅταν
801 1386 991 1474 βούλωνται
1010 1385 1162 1476 άριθμόν
1178 1415 1253 1457 τινα

142 1497 272 1579 δηλοῦν
304 1494 360 1560 καὶ
395 1491 519 1579 μόριόν
546 1518 576 1559 τι
610 1494 872 1577 προσκείμενον,
905 1486 943 1557 τό
977 1485 1162 1577 ὁμάνυμον
1192 1496 1254 1558 τοῦ

141 1588 295 1679 ἀριθμοῦ
320 1595 385 1662 αίελ
411 1598 473 1661 τοῦ
502 1591 743 1672 πλεονάζοντος
777 1591 937 1678 λαβόντες
962 1590 999 1658 τὸ
1029 1587 1112 1660 ὅλον
1136 1598 1253 1678 φασίν,

142 1687 216 1760 οἷον
235 1692 276 1761 τά
297 1697 331 1775 ἓξ
349 1693 455 1782 ἥμισυ
477 1695 625 1781 ἕβδομον
643 1689 747 1780 ἥμισύ
769 1712 886 1778 φασιν,
909 1699 971 1760 τοῦ
992 1690 1074 1761 ἑπτά
1094 1693 1252 1780 ἕβδομον,

142 1788 180 1873 ὃς
202 1795 323 1879 μονάδι
346 1796 519 1877 πλεονάζει
547 1800 609 1862 τοῦ
631 1795 681 1880 ἓξ,
713 1793 750 1861 τὸ
779 1790 965 1882 ὁμώνυμον
993 1794 1162 1881 λαβόντες.
1198 1799 1254 1862 καί

137 1890 289 1980 Ῥωμαῖοι
325 1898 362 1964 δὲ
399 1893 646 1983 εὑρεθήσονται
677 1895 788 1987 τούτῳ
821 1896 989 1983 χρεόμενοι
1025 1902 1071 1986 τῷ
1101 1895 1252 1983 σχήματι.

143 1995 184 2062 τά
207 1998 272 2085 γάρ
295 1999 359 2065 δύο
389 1996 494 2085 ἥμισυ
518 1995 677 2086 ἀσσάρια,
712 1996 928 2084 σεστέρτιοάμ
949 2016 1073 2084 φασιν,
1105 2004 1168 2066 τοῦ
1192 2003 1256 2085 μὲν

143 2117 185 2183 ση
214 2095 252 2165 τὰ
279 2096 383 2186 ἥμισυ
415 2103 619 2187 δηλοῦντος,
652 2097 698 2181 ὥς
724 2101 761 2168 έν
788 2107 835 2191 τῷ
863 2099 1054 2186 σημόδιουμ
1085 2099 1255 2186 σήσκουας

143 2199 354 2287 σήσκουπλα,
384 2207 446 2269 τοῦ
482 2201 520 2269 δέ
548 2205 706 2288 τέρτιουμ
732 2199 770 2268 τό
796 2207 925 2289 τρίτον,
953 2202 1008 2268 καὶ
1033 2207 1126 2270 ἔστιν
1151 2200 1255 2290 ἥμισυ

142 2305 264 2385 τρίτον.
301 2305 342 2370 τά
364 2302 402 2370 δέ
424 2309 530 2388 χείλια
551 2305 728 2390 σηστέρτια
747 2316 838 2370 ποιεί
857 2301 1012 2372 διακόσια
1045 2304 1253 2391 πεντήκοντα

144 2399 288 2487 δηνάρια
310 2399 443 2491 άργνρᾶ
466 2401 527 2494 (ὥς
543 2402 637 2471 arico?
663 2405 810 2490 λέγουσι,
826 2408 990 2491 δηναρίου
1011 2402 1101 2492 παρὰ
1119 2404 1155 2472 τὸ
1169 2410 1256 2493 δῆνα

145 2505 457 2593 ἐσχηματισμένον),
481 2507 563 2572 δέκα
585 2507 622 2571 δὲ
643 2511 766 2590 χρυσᾶ,
796 2502 880 2589 άπερ
902 2508 959 2574 καὶ
980 2512 1075 2592 μέλλε
1096 2508 1256 2594 νούμμως

145 2612 260 2691 φασίν.
306 2607 343 2675 τὸ
374 2612 410 2676 δὲ
438 2607 608 2696 σήσιιονας
634 2604 807 2674 σύνθετόν
829 2607 919 2674 έστιν
951 2603 1017 2676 άπό
1045 2614 1108 2676 τοῦ
1129 2629 1172 2696 ση
1199 2611 1256 2677 καὶ

146 2733 235 2796 κουμ
264 2710 319 2777 καὶ
346 2716 409 2778 τοῦ
438 2706 478 2789 άς
510 2705 614 2786 άσσις.
666 2708 722 2774 καὶ
748 2710 839 2773 ἔστιν
867 2705 971 2794 ἥμισυ
1000 2707 1067 2777 σὺν
1094 2706 1254 2800 άσσαρίμ,

145 2815 320 2879 τουτέστιν
346 2814 384 2879 ἓν
415 2809 520 2898 ἥμισυ
549 2806 724 2896 άσσάριον.
774 2805 887 2896 ὥσπερ
915 2813 952 2878 δὲ
985 2808 1172 2898 ημέδιμνον
1200 2813 1256 2879 λέ-

146 2932 269 2996 γουσιν
286 2909 426 2981 Ἀττικολ
447 2910 522 2980 άντλ
542 2917 605 2978 τοῦ
627 2907 862 2996 ἡμιμέδιμνον,
883 2909 991 2993 οὕτως
1011 2917 1067 2981 καί
1080 2905 1175 2981 οὖτοι
1194 2934 1257 3001 ση-

146 3010 293 3101 μόδιουμ
315 3013 557 3095 πλεονάζοντος
577 3017 640 3080 τοῦ
662 3021 710 3078 σ.’

613 3370 795 3438 Πιθανά.

232 3525 305 3591 Ηοο
329 3546 427 3612 opere
448 3526 545 3614 qualo
567 3536 795 3610 argumentum
814 3534 1005 3612 persecutus
1033 3525 1076 3588 sit
1095 3524 1258 3610 hodieque

148 3628 224 3689 sciri
247 3629 281 3689 in
302 3635 393 3689 tanta
414 3629 672 3691 testimoniorum
695 3631 833 3712 penuria
855 3628 977 3712 nequit.
1007 3625 1257 3711 Inscriptionom

149 3725 252 3789 solam
273 3728 419 3790 servavit
441 3725 559 3790 Suidas
581 3725 598 3788 Ι
620 3730 634 3788 1
659 3749 691 3812 p.
715 3729 777 3791 627
798 3725 919 3789 Bernh.
962 3723 998 3789 Si
1022 3725 1102 3811 quid
1122 3725 1257 3790 halluci-

148 3826 331 3908 nonlicet,
359 3827 554 3892 crediderim
578 3823 708 3892 πιθανά
737 3825 949 3914 (probabilia)
976 3825 1114 3912 Didymi
1135 3828 1257 3890 circum

147 3929 432 4012 interpretationes
470 3928 679 3993 historiarum
718 3927 944 3993 fabularumvo
977 3926 1258 4011 probabilissimas

149 4036 280 4092 versata
309 4050 391 4093 esso.
437 4028 489 4093 Of.
517 4029 618 4096 schol.
648 4030 707 4094 Ar.
730 4029 816 4093 Plut.
844 4030 906 4092 210
938 4023 975 4092 τὸ
1007 4027 1043 4092 δὲ
1072 4024 1259 4094 πιθανὸν

148 4133 211 4194 τοῦ
232 4127 337 4212 λόγον
355 4126 577 4215 ἐπινενόηται.
613 4132 818 4218 Quamquam
839 4129 1026 4214 scrupulum
1050 4132 1151 4213 inicit,
1173 4131 1259 4217 quod

148 4230 316 4318 Apollonii
352 4232 544 4320 opusculum
579 4233 745 4321 Didymeo
775 4232 851 4296 huic
884 4233 1176 4317 superinstructum
1205 4253 1258 4318 ap.

148 4331 239 4396 Suid.
262 4336 468 4399 interiectum
490 4335 633 4400 modium
646 4343 705 4422 ‘est
726 4332 891 4421 opusculis
913 4356 1003 4398 mere
1024 4334 1257 4418 grammaticis.
