2932 5002
1177 424 1238 487 385

123 588 144 646 I
161 605 257 660 nanc,
279 595 309 647 et
328 592 446 664 longum
467 582 639 650 cssc'vr'tam
659 587 774 665 066οΡ
801 585 893 649 Haec
913 585 985 667 ille,
1007 589 1060 651 cui
1081 610 1240 671 gramma-

122 685 179 748 tici
214 682 266 747 his
295 685 416 748 similia
443 696 637 773 quaerentes
668 686 840 772 vapulant,
877 697 912 751 ut
940 689 1038 751 etiam
1059 688 1155 753 Bioni
1186 711 1238 775 ap.

123 783 213 848 Stob.
239 784 342 850 Serm.
370 788 431 850 86
457 786 548 851 10010
571 787 685 874 Lipsio
706 786 837 852 laudato
861 786 926 851 vol.
947 786 982 849 ΙΙ
1003 810 1035 873 p.
1053 790 1162 853 384.5
1187 789 1238 853 ed.

125 886 227 950 Gran.
272 886 323 949 Ac
346 887 486 951 devera
508 888 639 974 quidem
661 890 795 953 Aeneae
816 898 919 952 matre
949 889 976 952 si
998 889 1130 975 quidem
1154 891 1239 954 serio

124 986 288 1073 Didymus
312 987 365 1051 vel
387 1010 446 1074 per
467 987 637 1052 historiam
662 992 869 1076 peregrinam
890 988 943 1053 vel
964 992 1000 1053 in
1011 989 1170 1074 peculiari
1181 989 1239 1052 ali-

123 1110 187 1174 quo
207 1087 318 1152 libello
341 1089 514 1174 quaesivit,
535 1089 679 1175 desipuit
699 1090 838 1154 fortasse
856 1100 1035 1176 pervagato
1054 1091 1117 1154 isto
1134 1112 1240 1175 gram-

124 1191 316 1253 maticorum
336 1189 450 1254 morbo
473 1202 641 1276 correptus
664 1213 735 1255 cum
758 1190 1000 1276 insipientibus.
1034 1190 1238 1278 Quamquam

123 1289 210 1354 haud
230 1290 374 1355 diffiteor
394 1290 538 1355 Senecae
560 1291 741 1373 lectionem,
765 1294 914 1378 quamvis
935 1291 1027 1356 libris
1051 1294 1181 1377 scriptis
1197 1290 1240 1353 ad

121 1414 223 1455 unum
246 1391 397 1457 omnibus
419 1392 600 1480 probatam,
621 1401 805 1478 suspectam
824 1393 902 1456 mihi
926 1393 1032 1457 videri
1052 1398 1108 1456 ‘de
1121 1397 1239 1455 Aeneae

123 1506 219 1558 matre
248 1505 350 1558 veru)
403 1494 560 1575 Matrem,
597 1492 685 1579 quod
715 1494 832 1575 sciam,
870 1495 1027 1557 universa
1063 1493 1239 1579 antiquitas

126 1597 275 1680 agnoscit
302 1595 481 1676 Venerem,
510 1595 568 1658 sed
597 1593 637 1656 de
664 1606 757 1657 morte
789 1594 923 1658 Aeneae
950 1593 1133 1658 dubitatum
1168 1614 1239 1656 esse

127 1707 328 1782 compertum
355 1695 528 1759 habemus:
562 1695 605 1759 01.
638 1694 735 1759 Hom.
766 1694 806 1759 Il.
838 1701 867 1759 Y
894 1699 955 1759 307
983 1693 1083 1759 schol.
1110 1693 1176 1759 vol.
1205 1692 1239 1756 11

125 1821 158 1884 p.
187 1799 249 1862 562
281 1797 390 1861 Bekk.
422 1797 548 1861 Eudoc.
579 1819 611 1882 p.
639 1800 689 1861 76.
716 1801 755 1860 77
785 1796 895 1882 hymn.
925 1797 1008 1860 Ven.
1042 1798 1101 1858 197
1130 1794 1238 1858 Strab.

127 1884 215 1962 XIII
236 1924 268 1986 p.
294 1901 354 1963 608
383 1895 556 1980 Agathocl.
582 1896 693 1983 Cyzic.
718 1920 770 1984 ap.
795 1898 883 1962 Fest.
906 1923 938 1986 p.
963 1900 1024 1963 269
1048 1895 1239 1985 6(1.Μο611.

130 2000 275 2087 Cephalo
294 1997 443 2082 Gergith.
464 2006 496 2060 et
512 1996 720 2085 Hegesippus
737 1998 926 2085 Mecybern.
943 2020 994 2084 ap.
1007 1998 1147 2084 Dionys.
1166 1997 1238 2061 AR.

126 2101 196 2166 149
211 2101 319 2187 Heyn.
344 2121 415 2165 exc.
439 2098 492 2161 III
512 2098 555 2162 ad
568 2098 694 2183 Vergil.
716 2100 799 2163 Aen.
818 2097 887 2161 XII
905 2098 970 2162 vol.
984 2098 1037 2161 III
1056 2122 1089 2184 p.
1105 2101 1166 2162 843
1187 2099 1238 2162 etl.

128 2203 248 2288 Wagn.
271 2202 345 2266 Liv.
370 2201 386 2264 I
410 2204 428 2263 2
452 2199 565 2265 Aurel.
589 2200 681 2285 Orig.
704 2222 732 2263 c.
758 2203 797 2264 14
819 2199 944 2287 Hygin.
966 2199 988 2263 f.
1007 2203 1064 2263 251
1091 2201 1239 2264 Iuvenal.

129 2304 197 2367 Sat.
225 2303 278 2365 XI
300 2306 340 2367 63
370 2299 493 2366 Tibull.
517 2301 551 2363 II
575 2305 608 2383 5,
631 2306 671 2366 43
701 2301 809 2386 Heyn.
838 2301 937 2365 Ovid.
965 2301 1044 2363 Met.
1073 2300 1157 2364 XIV
1178 2303 1239 2364 660

127 2403 255 2467 Ludov.
286 2402 327 2466 (16
352 2400 454 2465 Vives
484 2400 526 2464 ad
547 2401 687 2484 August.
718 2400 749 2464 d.
773 2401 861 2464 civit.
887 2400 940 2464 dei
962 2399 1082 2464 XVIII
1108 2405 1145 2463 19
1174 2401 1238 2466 vol.

128 2503 163 2567 II
201 2527 234 2590 p.
266 2505 339 2566 379.
374 2501 425 2564 80.
457 2539 501 2549 -
537 2499 684 2586 Lycoph.
714 2500 811 2564 Alex.
844 2523 877 2564 v.
909 2502 989 2563 1234
1016 2501 1149 2565 Aeneae
1174 2524 1241 2564 ma-

126 2618 209 2672 trem
234 2608 406 2671 Καστνίαν
418 2610 522 2683 vocat,
542 2601 573 2664 h.
587 2623 614 2664 6.
630 2600 801 2683 Venerem,
823 2600 865 2665 cf.
883 2601 910 2665 I.
927 2600 1048 2664 Potter.
1068 2610 1239 2666 comment.
1298 2652 1301 2658 .

126 2707 194 2772 vol.
219 2708 270 2771 llI
298 2730 331 2794 p.
357 2706 437 2768 1463
467 2703 518 2767 ed.
540 2700 652 2765 Muell.
698 2701 795 2782 Quod
817 2723 895 2765 vero
919 2701 1124 2765 derideretur
1145 2724 1165 2766 a
1185 2700 1240 2767 Se·

127 2832 208 2874 neca
241 2808 439 2893 reliquarum
471 2806 696 2891 quaestionum
724 2806 811 2889 triga
846 2812 1020 2884 nouerat,
1052 2825 1126 2866 curn
1147 2801 1241 2867 falsis

129 2935 202 2975 eum
224 2906 431 2996 opinionibus
459 2903 702 2993 disulgatisque
724 2928 784 2993 per
808 2905 1008 2969 comoediam
1030 2907 1241 2992 comparatio-

129 3012 224 3077 nibus
248 3030 417 3075 occurrere
439 3007 622 3092 cupientem
648 3008 851 3093 quaesivisse
881 3027 986 3097 neque
1008 3027 1176 3069 assensum
1201 3007 1240 3069 iis

128 3137 216 3196 esse,
247 3121 284 3176 ut
314 3111 393 3174 scite
420 3109 555 3172 adnotat
582 3105 706 3172 Neuius
734 3132 766 3196 p.
791 3112 819 3190 6,
846 3107 923 3171 hinc
946 3106 1038 3170 fieret
1060 3105 1240 3192 probabile,

128 3214 215 3305 quod
234 3212 460 3300 quaesIvisset.
506 3206 560 3273 Sic
583 3208 639 3273 ille
661 3208 781 3274 libmm
803 3216 841 3274 (16
858 3216 964 3289 patric
982 3213 1106 3273 Homeri
1124 3207 1241 3273 fortas·
1306 3228 1308 3233 ’

129 3341 164 3382 se
191 3339 229 3382 eo
261 3316 397 3380 consilio
425 3315 567 3401 scripsit,
602 3319 770 3375 uteorum
795 3320 929 3377 conatus
951 3311 1157 3396 reprimeret,
1185 3310 1241 3396 qui

129 3419 306 3484 Homerum
322 3416 489 3481 Thebaica
510 3414 563 3479 vel
579 3415 727 3478 Romana
743 3414 876 3477 civitate
899 3410 1068 3491 donarent,
1087 3410 1131 3474 cs.
1143 3398 1240 3473 Hom.

130 3523 188 3585 vit.
212 3542 264 3604 ap.
289 3518 397 3582 Iriart.
418 3541 450 3604 p.
471 3519 531 3580 233
555 3539 573 3580 6
593 3515 664 3578 cod.
685 3514 808 3578 Matrit.
826 3517 866 3577 67
884 3509 1087 3575 Eustath.Il.
1104 3515 1179 3596 pt,
1195 3514 1243 3590 16,

130 3642 211 3707 quos
235 3621 320 3682 inter
340 3620 437 3681 etiam
460 3615 687 3681 Aristodemus
708 3613 770 3677 suit
790 3612 989 3699 Nysaeensis
1012 3611 1243 3694 grammaticus

131 3719 380 3783 illustrissimus.
413 3713 651 3779 Vidhlueller.
672 3713 713 3775 fr.
736 3713 849 3775 histor.
870 3710 929 3774 Gr.
944 3709 996 3773 111
1006 3732 1037 3795 p.
1051 3712 1113 3774 367
1135 3710 1196 3773 col.
1215 3714 1241 3774 1.

132 3818 298 3904 Singulari
322 3816 406 3881 libro
439 3817 479 3880 de
503 3815 609 3902 patria
632 3814 765 3877 Homeri
796 3813 864 3895 egit
894 3813 991 3875 etiam
1018 3810 1243 3895 Hermogenes

130 3922 340 4007 Smyrnaeus,
363 3942 394 3983 v.
419 3916 550 3980 Fabric.
571 3914 643 3980 BG.
660 3914 748 3978 XIII
763 3936 795 3999 p.
811 3913 864 3976 181
891 3911 1036 3977 Boeckh.
1061 3910 1099 3976 O.
1116 3910 1143 3974 I.
1161 3912 1240 3973 3311

126 4022 278 4088 Mueller.
299 4021 340 4085 fr.
364 4019 477 4084 histor.
501 4017 560 4082 Gr.
584 4017 637 4080 III
660 4040 691 4104 p.
712 4018 773 4079 522
797 4036 867 4101 sqq.

131 4264 181 4314 has
200 4265 375 4330 quaestiones
401 4262 430 4311 in
445 4260 630 4326 Symposiacis
654 4259 742 4309 locum
765 4256 893 4307 habuisse
914 4255 1077 4320 suspicatur.
1114 4251 1180 4302 Mihi
1198 4266 1247 4316 pc-

132 4351 187 4400 tIus
205 4348 369 4417 μονύβιβλοι
391 4350 477 4399 fnisse
494 4347 631 4399 videntur.

184 4456 346 4498 moruus.
995 4420 1036 4480 25
