2962 5018
1182 434 1243 495 269

136 603 206 664 sive
229 599 313 663 alius
341 599 571 685 grammaticus
595 599 856 680 Alexandrinus,
882 620 947 662 non
970 596 1065 663 modo
1089 599 1246 684 exemplis

135 686 332 786 tragicorum
355 703 389 766 id
410 724 514 786 genus
536 724 614 766 usus
637 710 696 781 est,
720 722 803 787 quae
824 700 878 764 vel
900 700 941 763 ab
965 702 1036 786 ipso
1050 698 1245 765 Aristarcho

134 800 384 887 vcl‘discipulis
408 804 476 867 eins
503 811 697 890 compuncta
720 811 845 883 essent,
878 801 936 865 sed
959 822 998 864 ea
1020 801 1116 863 etiarn
1139 810 1245 864 aetate

134 905 236 985 vixit,
265 924 330 988 qua
351 903 497 968 Graecae
524 904 714 989 tragoediae
737 904 920 991 principum
942 903 1073 966 fabulae
1102 903 1246 967 nondum

136 1004 245 1069 doceri
268 1005 455 1087 desiissent,
478 1016 530 1090 ut,
553 1005 633 1096 quid
654 1016 686 1070 et
701 1028 823 1071 novare
846 1014 878 1069 et
900 1013 1026 1069 mutare
1044 1012 1141 1091 atque
1164 1005 1246 1068 adeo

135 1125 271 1190 peccare
295 1116 543 1171 consuescerent
564 1108 756 1189 histriones,
784 1129 920 1194 quorum
942 1106 1049 1191 gratia
1071 1105 1247 1169 nonnullae

136 1205 358 1291 exemplorum
377 1208 580 1291 marginibus
603 1211 751 1296 appictae
772 1218 868 1273 notae
891 1217 984 1271 erant
1005 1206 1072 1294 (El.
1097 1213 1115 1269 7
1119 1208 1148 1269 8.
1176 1210 1245 1270 190.

137 1307 197 1369 823
221 1305 290 1370 OC.
315 1311 385 1371 114.
411 1308 518 1391 1547),
541 1310 642 1396 probe
666 1312 831 1396 cognitum
852 1309 997 1374 haberet.
1023 1308 1074 1372 Of.
1098 1309 1125 1371 Ι.
1150 1308 1246 1371 Rich·-

136 1416 196 1472 ter.
221 1409 262 1472 de
283 1408 405 1472 Aesch.
428 1408 527 1494 Soph.
550 1412 629 1476 Eur.
653 1414 793 1497 interpp.
818 1412 877 1476 Gr.
898 1436 929 1498 p.
945 1412 1081 1473 21—28.

223 1511 319 1589 Quod
350 1511 377 1573 si
406 1533 471 1574 non
493 1512 588 1575 rnodo
609 1514 649 1575 dc
670 1512 854 1577 Aristarchi
875 1511 928 1575 vel
953 1510 1083 1575 scholae
1104 1513 1248 1576 Aristar-

137 1611 237 1674 cheae
273 1613 359 1675 curis
383 1610 573 1697 Sophocleis
601 1622 745 1696 constat,
774 1613 832 1677 scd
854 1611 897 1674 ad
921 1612 1068 1676 eiusdem
1091 1613 1187 1675 etiarn
1214 1613 1249 1676 in

138 1713 347 1777 recensendis
371 1712 571 1798 castigandis
595 1713 862 1799 explicandisque
883 1711 1003 1776 sabulis
1026 1735 1171 1777 normam
1192 1736 1247 1800 po-

139 1814 291 1878 steriores
322 1817 553 1898 grammaticos
585 1837 620 1877 sc
649 1815 910 1879 accommodasse
939 1813 980 1876 ab
1011 1817 1097 1879 omni
1122 1816 1247 1880 dubita-

136 1917 226 1978 tione
256 1912 360 1979 libera
389 1938 441 1979 res
468 1924 533 1997 est,
559 1915 618 1980 hos
647 1917 732 1978 inter
759 1917 1042 1998 grammaticorum
1069 1915 1154 1980 filios
1174 1938 1248 1980 curn

139 2016 276 2102 Didymi
298 2037 426 2103 quoque
449 2037 566 2080 nomen
586 2024 742 2103 appareat
764 2017 946 2103 ceterisque
964 2016 1113 2082 omnibus
1136 2016 1248 2103 caligi-

138 2140 212 2181 nem
241 2119 334 2204 quasi
361 2117 522 2199 offundat,
554 2117 640 2180 haud
669 2117 736 2180 scio
760 2138 802 2179 an
826 2116 953 2182 futurus
977 2120 1019 2184 sit
1038 2117 1140 2201 ullus,
1170 2119 1247 2206 quin

137 2222 290 2283 inmeam
304 2220 523 2305 suspicionem
537 2219 723 2284 incidatab
745 2218 820 2284 hoc
841 2220 928 2305 ipso
943 2221 1119 2308 Didymo
1135 2220 1249 2285 scho-

138 2316 286 2383 liorum
307 2329 537 2385 nostrorum
560 2321 829 2385 fundamenta
849 2323 958 2385 iacta
978 2345 1087 2405 esse,
1110 2323 1201 2387 cuius
1217 2335 1249 2387 et

140 2421 295 2484 memoria
313 2422 459 2485 novies
480 2421 576 2485 editis
599 2421 724 2504 verbis,
752 2431 788 2485 ut
810 2421 968 2504 diximus,
991 2425 1023 2487 in
1046 2423 1178 2488 scholiis
1200 2445 1249 2486 re-

140 2522 361 2607 dintegratur,
385 2531 421 2586 et
437 2524 580 2607 vestigia
597 2523 678 2587 locis
697 2521 969 2610 aliquammultis‚
989 2523 1046 2586 ubi
1065 2524 1248 2610 appositum

140 2647 258 2689 nomen
280 2647 345 2690 non
368 2632 433 2705 est,
456 2624 614 2709 impressa
640 2646 712 2687 esse
741 2623 903 2687 videntur.
947 2623 1140 2687 Rectissime
1164 2625 1249 2686 enim

140 2726 302 2791 Valcken.
333 2726 367 2789 in
390 2727 484 2811 epist.
513 2725 556 2789 ad
577 2725 623 2789 M.
647 2725 786 2789 Roever.
809 2747 841 2812 p.
866 2727 927 2788 307
950 2725 983 2786 in
1007 2725 1106 2792 schol.
1130 2727 1171 2791 ad
1194 2727 1248 2790 Αἱ.

140 2831 212 2909 841,
244 2826 302 2892 ubi
335 2848 422 2890 nunc
445 2849 463 2890 e
484 2826 544 2890 La.
569 2827 676 2891 editur
698 2829 785 2910 φασί
801 2847 861 2912 pro
880 2826 969 2911 vulg.
992 2830 1090 2908 φησί,
1113 2827 1250 2914 Didymi

141 2949 259 2991 nornen
284 2926 491 2992 obliteratum
515 2951 588 2992 esse
617 2929 800 3016 suspicatus
823 2929 967 2993 correxit
989 2931 1093 2993 ταῦτα
1116 2929 1152 2993 δὲ
1175 2932 1250 2993 Λί-

141 3030 272 3111 topos
294 3026 505 3095 νοθεύεσθαί
521 3048 603 3115 φησι
626 3030 699 3096 coll.
725 3029 826 3095 schol.
850 3029 893 3093 ad
914 3032 992 3095 Ant.
1017 3035 1067 3112 45,
1090 3030 1250 3119 vapulans

141 3138 315 3217 propterea
333 3130 501 3198 Lobeckio
538 3135 579 3199 ad
609 3133 663 3197 Αἰ.
686 3135 743 3196 841
779 3155 810 3218 p.
834 3135 907 3196 355.
955 3133 1067 3219 Neque
1090 3154 1150 3217 ego
1174 3135 1250 3214 scio,

143 3253 207 3318 qua
227 3231 359 3295 tandem
379 3242 448 3297 arte
469 3234 591 3298 leniore
608 3233 724 3298 Photio
745 3235 823 3316 482,
849 3238 862 3295 1
888 3234 1011 3298 mederi
1033 3236 1165 3320 possim,
1189 3235 1251 3297 nisi

143 3334 288 3399 eiusdem
315 3333 452 3421 Didymi
477 3337 608 3401 nomine
641 3336 766 3399 adscito
796 3336 1012 3419 ῥακχίζειν
1041 3332 1077 3400 τὸ
1110 3337 1253 3416 διαιρεῖν

142 3430 182 3499 τὰ
205 3435 289 3520 μέρη
311 3440 369 3520 τῆς
390 3433 527 3521 ῥάχεως,
550 3431 624 3520 ἤτοι
647 3435 851 3519 διακόπτειν,
873 3433 918 3515 ὥς
940 3454 1022 3520 φησι
1045 3431 1125 3518 παρ’
1147 3430 1254 3518 Εὐρι-

142 3539 232 3622 πίδῃ.
286 3536 438 3621 Legerim
484 3532 563 3623 παρ’
602 3533 771 3623 Εὐριπίδῃ
808 3541 1001 3621 Δίδυμος
1037 3536 1110 3602 coll.
1151 3535 1251 3600 schol.

142 3638 185 3701 ad
206 3639 260 3701 Αἱ.
283 3642 323 3702 56
344 3638 423 3702 Hes.
445 3640 600 3723 ραχίζων,
629 3640 695 3701 nisi
716 3639 854 3702 confusa
882 3637 1005 3701 dixeris
1029 3637 1198 3724 Sophoclis
1220 3646 1253 3699 et

144 3737 312 3823 Euripidis
340 3740 489 3821 nomina,
523 3739 653 3826 quade
683 3738 890 3803 librariorum
915 3739 1088 3801 oscitantia
1116 3736 1253 3801 solemni

143 3837 185 3901 cf.
209 3838 333 3902 Osann.
369 3839 412 3903 ad
434 3840 572 3904 Philam.
606 3861 638 3925 p.
671 3843 743 3902 161..
785 3838 916 3903 Deinde
947 3839 1048 3904 schol.
1077 3838 1147 3903 00.
1173 3839 1248 3900 1061

146 3941 301 4018 Οίατίδος
318 3939 354 4004 ἐκ
376 3944 486 4024 νομοῦ
508 3943 655 4028 sequitur
676 3941 709 4002 in
730 3962 790 4003 ms.
816 3939 1036 4026 diphthongus
1060 3934 1102 4005 ori
1124 3938 1253 4003 initium
1315 3933 1321 3941 ’

142 4043 281 4107 alicuius
303 4041 532 4126 additamenti,
554 4043 641 4129 quod
662 4064 728 4105 non
750 4041 925 4127 complevit
943 4040 1107 4124 librarius,
1130 4039 1253 4104 arbitro

144 4142 242 4209 Petro
275 4142 444 4210 Elmsleio.
490 4144 593 4208 Nemo
624 4166 689 4208 non
721 4143 812 4207 videt
840 4144 901 4209 hoc
931 4165 1003 4209 esse
1026 4140 1254 4229 compendium

144 4243 297 4310 vocabuli
321 4241 430 4324 οὕτως
458 4269 532 4312 curn
556 4240 598 4310 οὐ
627 4245 784 4310 confundi
813 4245 911 4310 soliti.
957 4245 1046 4309 Bast.
1072 4245 1252 4308 Comment.

143 4345 208 4432 pal.
238 4371 270 4434 p.
304 4349 376 4413 828.
422 4349 528 4414 Simili
557 4369 667 4412 errore
698 4349 732 4411 irt
766 4347 867 4413 schol.
902 4346 943 4411 ad
971 4346 1051 4411 Eur.
1086 4345 1167 4408 Hec.
1191 4345 1253 4406 830
