2964 5010
245 381 286 443 48

194 543 199 559 ⁴
245 553 324 628 ζειν.
355 545 528 631 Φρύνιχος
542 547 714 626 Μάσταις·
741 549 898 634 Μάστιγα
924 547 956 617 δ’
983 551 1020 616 ἐν
1039 553 1155 635 γερολν
1177 555 1263 637 ἔχων
1282 577 1362 619 τευ-

243 660 366 719 vacem
399 651 456 738 (cs.
469 651 593 735 Bergk.
615 650 688 715 rell.
711 673 826 717 comm.
850 654 919 718 Att.
935 655 1011 736 375)
1036 651 1179 719 Πλάτων
1198 652 1363 733 Ξάυταις·

245 756 331 844 (cod.
365 764 408 820 et.
439 774 499 816 ms.
523 753 597 817 Par.
620 753 797 839 Ξαντρίας)
818 744 878 819 Ἠν
900 751 941 838 δὴ
962 751 1115 839 θόρυβος
1134 756 1362 835 τευταζόντωυ

245 855 463 948 (τευξάντων)
496 848 572 918 ἀντὶ
600 859 661 918 τοῦ
703 857 1031 939 πραγματευομένων
1058 849 1080 940 ἦ
1104 857 1360 944 διατριβόντων.

245 963 315 1052 (καλ
336 961 373 1025 ἐν
397 961 523 1045 Τιμαίῳ
557 963 642 1045 [opp.
665 966 688 1021 t.
711 957 763 1020 lIl
785 980 817 1044 p.
843 962 882 1022 91}
895 959 946 1040 Β)
971 963 1017 1047 τῷ
1037 956 1099 1042 μὲν
1122 949 1187 1023 οὖν
1208 959 1285 1045 περλ
1305 957 1363 1039 τὰς

244 1065 425 1148 ἐπιθυμίας
469 1051 490 1143 ἢ
520 1062 711 1144 φιλοτιμίας
743 1057 963 1125 τετευτακότι.
1009 1051 1083 1125 olor
1121 1058 1359 1146 διατετριφότι.

248 1165 411 1253 γράφεται
428 1164 483 1230 καλ
500 1156 713 1226 τεταντακότι
736 1161 987 1247 [τετουτακότι])
1012 1165 1247 1247 Τηλεκλειλίης·
1272 1161 1360 1229 πάν-

249 1294 302 1348 τες
323 1268 361 1335 δὲ
384 1261 600 1342 τευτάζονσιν
622 1263 657 1326 ol
676 1258 837 1328 διάκονοι.
876 1259 951 1336 ἀντὶ
971 1267 1033 1328 τοῦ
1056 1260 1360 1348 πραγματεύονται,

248 1372 501 1453 σκευωροῦνται
526 1362 752 1449 Φερεκράτης·
783 1360 801 1430 ὁ
826 1365 863 1431 δὲ
892 1368 994 1432 παῖδα
1019 1372 1116 1431 καλεῖ
1134 1367 1190 1432 καλ
1212 1364 1360 1446 τευτάζει

248 1471 357 1560 τούτῳ
380 1472 518 1535 δείπνου
543 1475 756 1551 παραθεῖναι.
787 1472 952 1552 Σημαίνει
967 1465 1004 1533 δὲ
1020 1467 1076 1532 καλ
1090 1462 1127 1532 τὸ
1145 1467 1358 1548 σπουδάζειν.

248 1575 425 1648 Πολιτείας
446 1572 470 1649 ζ.
509 1570 643 1658 (vitiosa
664 1569 735 1633 rell.
763 1570 842 1635 libb.
866 1571 962 1636 lectio
984 1572 1023 1636 δε
1049 1570 1092 1635 cf.
1116 1570 1295 1635 Schneider
1317 1571 1360 1636 ad

247 1675 331 1741 Plat.
357 1673 430 1738 Civ.
455 1671 523 1735 VII
545 1695 577 1758 p.
599 1671 702 1735 521ss
724 1702 766 1730 ==
788 1670 853 1737 vol.
878 1672 912 1735 II
937 1694 969 1758 p.
994 1673 1071 1757 277)
1095 1671 1150 1735 καὶ
1172 1670 1209 1738 τό
1232 1667 1360 1758 ἡσυχά-

248 1782 326 1858 ζειν.
359 1771 415 1841 καλ
436 1771 613 1856 τευτάζωυ,
642 1769 678 1838 τό
702 1767 785 1838 αὐτὸ
805 1768 856 1838 άελ
877 1773 997 1858 λέγων,
1019 1778 1195 1858 φλυαρῶν.

332 1877 459 1943 Eadem
486 1875 555 1939 fero
577 1874 675 1939 habet
697 1885 739 1939 et.
762 1899 806 1940 m.
828 1875 849 1939 l.
873 1898 918 1958 ο,
946 1877 1011 1941 nisi
1031 1875 1118 1964 quod
1138 1876 1279 1963 primum
1298 1900 1359 1964 pro

240 1977 433 2066 Ἡρακλέων
465 1975 598 2041 exhibet
618 1971 823 2065 ‘Hopdcavo'g
858 1977 1033 2065 (Valcken.
1064 1978 1144 2043 Eur.
1172 1978 1295 2042 Phoen.
1327 2002 1360 2065 p.

247 2091 307 2150 744
328 2079 461 2147 Ruhnk.
482 2077 566 2141 Tim.
589 2077 671 2143 Lex.
694 2102 726 2166 p.
743 2080 828 2167 182),
847 2103 907 2168 pro
924 2076 1151 2164 Λυκόφρονος
1175 2076 1360 2164 Λυκόφρο-

246 2212 315 2270 νος,
335 2183 453 2250 deinde
470 2180 670 2244 Artemidori
688 2181 867 2269 Phrynichi
886 2182 1156 2271 Pherecratisque
1173 2181 1361 2246 testimonia

247 2287 357 2354 omisit
378 2287 476 2371 inquo
498 2282 563 2347 fine
585 2282 732 2348 additum
754 2283 853 2351 habet
871 2282 1043 2371 ῥητορική.
1071 2284 1126 2368 [cf.
1149 2282 1249 2349 schol.
1273 2283 1358 2349 Plat.

245 2414 278 2478 p.
297 2391 338 2454 42
359 2386 491 2452 Ruhnk.
513 2384 614 2450 Mioh.
637 2385 735 2451 Psoll.
759 2387 793 2451 in
815 2389 887 2454 cod.
905 2389 1002 2453 Taur.
1021 2384 1144 2452 0va
1167 2383 1224 2450 fol.
1244 2389 1280 2449 61
1307 2406 1359 2471 ap.

245 2496 322 2558 Am.
344 2491 485 2578 Peyron.
508 2489 551 2554 ad
574 2497 615 2552 et.
638 2511 681 2553 m.
704 2487 725 2552 l.
749 2511 777 2554 c.
798 2499 873 2576 post
894 2500 936 2555 et.
960 2490 1048 2556 Gud.
1069 2511 1102 2575 p.
1129 2490 1220 2567 1047]
1254 2484 1359 2566 Quae-

247 2617 322 2659 nam
344 2593 401 2656 illa
422 2586 582 2676 ῥητορικὴ
606 2590 690 2667 λέξις
717 2591 938 2676 intellegenda
961 2593 1017 2674 sit,
1049 2589 1145 2655 hodie
1167 2610 1232 2653 non
1256 2591 1361 2674 magis
1407 2604 1412 2610 '

247 2696 358 2781 colligi
369 2702 486 2782 potest,
509 2715 605 2783 quarn
617 2703 715 2781 quota
727 2692 965 2759 observationis
978 2716 1029 2780 cp.
1046 2691 1200 2756 Photium
1214 2699 1300 2755 etet.
1317 2713 1360 2755 m.

247 2797 408 2864 exstantis
429 2817 506 2882 pars
528 2796 572 2860 ad
593 2796 789 2860 rhetoricum
811 2794 956 2879 lexicon,
979 2803 1079 2883 quota
1100 2794 1143 2859 ad
1161 2793 1242 2858 elios
1265 2815 1361 2881 quos·

248 2898 323 2964 dom
349 2897 455 2961 fontes
481 2895 654 2961 referenda
683 2898 735 2961 sit.
780 2898 853 2962 Hoc
879 2908 988 2963 tamon
1017 2897 1136 2961 scimus
1163 2895 1252 2960 Aelii
1280 2895 1361 2960 Dio-

247 3000 336 3087 nysii
364 2996 462 3082 longe
488 2998 804 3083 praestantissimum
831 3023 913 3088 opus
942 3000 1003 3065 hoc
1034 2999 1106 3064 loco
1127 3020 1147 3062 a
1168 3007 1283 3064 neutro
1305 2999 1361 3064 od·

248 3101 389 3166 hibitum
409 3121 491 3181 esse,
511 3099 631 3186 quippe
654 3122 697 3164 ex
718 3124 781 3189 quo
801 3101 993 3167 Eustathius
1014 3124 1045 3187 p.
1071 3104 1143 3184 968,
1161 3103 1180 3164 3
1203 3098 1284 3165 haec
1304 3122 1361 3164 cx·
1421 3141 1430 3151 =-

247 3203 419 3289 cerpserit:
450 3198 669 3279 τευτάζειν
698 3204 828 3287 λέγεται
855 3201 939 3269 κατὰ
965 3209 1086 3269 Αίλιον
1110 3201 1299 3268 Διονύσιον
1322 3199 1360 3267 τό

249 3305 303 3369 ίπλ
324 3300 412 3368 πολὺ
437 3301 679 3386 προσεδρεύειν
701 3309 746 3393 τῷ
769 3301 861 3392 αὐτῷ
883 3305 1061 3389 πράγματι.
1091 3305 1167 3370 Vid.
1191 3306 1296 3370 Meier
1319 3305 1360 3370 de

249 3406 338 3473 lcxx.
362 3405 444 3470 rhet.
466 3429 499 3493 p.
527 3409 563 3469 14
586 3404 659 3471 coll.
681 3432 714 3496 p.
739 3412 791 3473 41.
828 3407 974 3492 Deinde,
998 3408 1158 3496 siquidem
1180 3407 1362 3492 lexicogru-
1433 3440 1438 3448 ·

246 3508 385 3595 phorum
415 3529 537 3575 morem
570 3512 800 3601 scribendique
821 3533 925 3596 genus
959 3533 1025 3575 non
1056 3510 1203 3576 funditus
1235 3510 1361 3595 ignoro,

248 3701 314 3754 diss.
334 3705 360 3766 θ.
373 3702 438 3753 XIV
455 3719 482 3768 p.
496 3703 569 3754 XLI.
589 3704 618 3754 II
635 3705 679 3755 ed.
698 3705 789 3769 Egger
810 3703 979 3768 Lcngbconii
998 3703 1182 3754 coniecturam
1200 3693 1272 3751 κατά
1290 3700 1362 3751 Μει-

248 3787 315 3839 δίου
335 3791 446 3856 probet,
471 3791 594 3843 codicum
616 3792 712 3842 ABVE
730 3790 862 3855 vestigio:
887 3780 959 3838 κατά
976 3787 1083 3858 φυβίου
1101 3791 1221 3857 pressius
1240 3794 1361 3851 secutus,

247 3876 320 3927 hond
338 3882 499 3931 cunctanter
517 3880 651 3931 rescribo:
680 3872 745 3940 περλ
761 3873 814 3926 τοῦ
831 3867 903 3926 κατά
924 3869 1013 3941 φάσιν
1030 3875 1104 3946 βίον,
1125 3878 1168 3930 Gt.
1186 3878 1296 3927 Muson.
1316 3891 1361 3941 up.

248 3964 325 4014 Stob.
342 3965 401 4016 flor.
418 3965 521 4018 cvl18
540 3965 594 4017 vol.
610 3966 653 4016 111
668 3982 694 4030 p.
708 3963 758 4016 387
773 3963 818 4015 Gt.
837 3957 871 4014 τό
887 3978 916 4014 τε
929 3957 1001 4015 κατά
1021 3955 1109 4029 φάσιν
1128 3960 1222 4032 βιοῦν.
1248 3962 1272 4012 Φ
1291 3964 1362 4014 enim

248 4076 291 4127 vel
311 4045 348 4138 dl,
372 4078 499 4128 vocabuli
521 4069 608 4140 φάσις
632 4076 818 4141 compendium
840 4092 914 4139 esse,
941 4093 1002 4127 cum
1029 4077 1057 4125 in
1080 4077 1179 4163 vulgps
1204 4082 1298 4126 notum
1316 4077 1361 4137 sit,

249 4168 305 4214 tum
324 4165 357 4215 A.
376 4165 516 4216 Nonckius
534 4165 563 4213 in
580 4164 719 4229 Aristoph.
739 4166 806 4229 Byr.
825 4181 852 4229 p.
871 4166 906 4216 60
922 4181 948 4215 n.
969 4165 1003 4215 83
1022 4165 1132 4230 egregio
1151 4163 1359 4214 demonstravit.

249 4250 412 4316 corruptum
437 4256 479 4303 ost
497 4249 675 4302 Heracleonis
693 4266 791 4301 nomon
809 4268 854 4316 ap.
872 4251 953 4301 Prob.
973 4251 1056 4316 Verg.
1075 4249 1134 4301 Ecl.
1154 4252 1178 4302 V
1197 4250 1228 4301 31
1253 4249 1313 4299 Vol.
1334 4249 1362 4298 11

249 4351 275 4400 p.
294 4337 356 4401 352,
374 4340 422 4388 nbi
438 4340 528 4403 inepto
547 4337 704 4402 Empedocli
721 4339 842 4403 iungitur
860 4335 1004 4388 Heracleo.
