2962 5018
236 429 298 492 306

234 595 386 678 μίξεσθαι
409 586 494 671 πρὸς
511 580 772 669 τοῦςἝλληνας.
806 585 951 671 Hesych.
988 582 1185 667 στακτήν·
1217 578 1256 646 τὸ
1279 575 1348 645 άπὸ

236 691 389 778 σμύρνης
410 688 605 774 γενόμενον.
1062 775 1064 780 Ι

319 793 435 858 Obiter
467 788 651 875 opitulabor
690 787 817 851 Achaei
848 784 888 849 fr.
920 789 952 849 4.
985 788 1016 848 9.
1047 786 1083 846 11
1124 782 1246 867 Wagn.
1281 783 1346 868 Ap.

235 897 356 961 Athen.
386 894 419 957 X
448 916 479 978 p.
507 894 567 952 414
592 888 618 953 Ο
650 887 706 975 (fr.
733 893 752 950 4
780 910 813 973 p.
842 887 899 972 51)
931 885 1004 970 lego
1040 883 1163 968 γυμνοὶ
1195 888 1348 950 PAND-

237 999 384 1070 ΟΤΝτες
413 992 593 1076 φαιδίμους
621 992 800 1074 βραχίονας
826 987 858 1050 h.
879 1009 907 1051 e.
928 990 1113 1070 γανοῦντες
1133 986 1187 1051 vel
1210 989 1347 1070 ysacio-

232 1120 297 1174 τες.
340 1099 405 1180 Ap.
428 1093 548 1158 Athen.
572 1092 605 1154 X
623 1113 656 1176 p.
680 1089 783 1154 4270
806 1098 894 1153 recte
915 1087 1015 1153 habet
1035 1082 1150 1173 ἄγειν,
1172 1088 1259 1175 quod
1276 1108 1345 1151 non

234 1197 397 1263 debebant
419 1194 590 1275 lacessere,
613 1213 719 1279 neque
741 1192 812 1278 ipse
829 1189 1016 1276 Wagnerus
1036 1215 1069 1278 p.
1082 1196 1121 1255 55
1144 1213 1250 1278 neque
1272 1191 1345 1254 eius

234 1300 433 1365 decessores.
480 1293 531 1357 Of.
564 1292 705 1356 Pausan.
739 1315 791 1379 ap.
824 1292 975 1357 Eustath.
1009 1296 1089 1358 1399
1096 1343 1106 1376 ,
1132 1296 1168 1356 61
1204 1291 1344 1355 anecdd.
1400 1359 1403 1362 ,

234 1398 368 1464 Baehm.
394 1397 411 1460 I
438 1418 470 1481 p.
493 1397 550 1477 20,
576 1398 614 1459 19
645 1392 700 1458 καὶ
734 1387 853 1477 άγειν
875 1389 950 1458 ἀντὶ
978 1397 1040 1459 τοῦ
1068 1385 1344 1475 πίνειν,’ὃ’περ

234 1495 381 1583 ὑπάγειν
408 1500 526 1579 ἔλεγον
553 1496 588 1559 oi
608 1490 756 1561 Ἀττικοί.
802 1496 967 1583 Denique,
1000 1506 1093 1561 utre
1116 1515 1196 1560 vera
1216 1493 1344 1558 Achaei

234 1622 350 1665 versus
376 1599 419 1663 sit
444 1599 613 1663 Demetrio
642 1606 725 1662 teste
762 1591 850 1680 χαῖρ’
884 1586 911 1661 si
936 1595 1060 1679 Χάρων
1088 1595 1145 1662 κτὲ
1177 1596 1233 1684 (of.
1268 1595 1343 1660 cod.
1397 1644 1403 1653 .

234 1703 318 1767 Rav.
340 1701 457 1785 Van),
477 1709 589 1765 auctor
611 1698 727 1762 scholii
742 1698 888 1785 profecto
908 1720 974 1762 non
997 1700 1128 1785 scripsit
1149 1693 1346 1782 Δημήτριός

234 1821 340 1887 φησιν
359 1798 494 1886 Ἀχαιοῦ
520 1797 602 1866 ὅλον
629 1793 715 1864 εἶναι
738 1799 775 1864 ἐκ
796 1802 859 1863 τοῦ
880 1804 1055 1884 Αίθοινος,
1081 1802 1155 1884 sed,
1180 1801 1214 1864 ni
1235 1797 1345 1881 fallor,

168 1888 172 1896 ⁵
235 1904 338 1968 edidit
366 1908 408 1966 A.
432 1926 468 1986 φ.
491 1905 553 1967 τοῦ
572 1903 724 1974 ,Ξανθίον
747 1894 829 1964 ὅλον
850 1894 953 1989 εἶναι..
989 1903 1140 1990 παρῳδεῖ
1159 1899 1196 1965 δὲ
1218 1896 1258 1965 τά
1280 1902 1346 1963 τοῦ

232 1997 366 2086 Ἀχαιοῦ
390 2004 427 2067 ἐκ
454 2006 516 2067 τοῦ
538 2008 706 2076 Αίθωνος.
752 1999 804 2065 Of.
824 2024 856 2066 v.
879 2003 940 2065 638
964 1996 1049 2067 εἶναι
1071 2000 1109 2067 δὲ
1129 2003 1184 2067 καὶ
1206 1997 1345 2068 diov—

236 2099 332 2168 εἶναι.
351 2104 571 2186 Aristarchus,
594 2105 718 2189 opinor,
741 2125 837 2189 quem
859 2105 1027 2188 impugnat
1048 2105 1235 2169 Demetrius
1256 2105 1345 2187 Ixio,

233 2205 339 2269 tribus
353 2206 502 2291 personis
519 2205 739 2285 distribuerat,
757 2203 896 2286 Baccho,
920 2205 1093 2288 Xanthiae,
1113 2214 1250 2270 mortuo.
1285 2207 1345 2269 At-

235 2328 297 2392 que
327 2306 403 2369 huic
432 2306 592 2369 calculum
620 2305 742 2370 addere
771 2304 902 2369 videtur
928 2306 1091 2393 Didymus
1122 2300 1143 2391 ή
1173 2301 1264 2371 ούτω
1285 2329 1346 2371 πι-

233 2403 345 2471 θανόν
361 2400 522 2471 ὑπονοεῖν
544 2418 631 2488 τρεῖς
649 2410 749 2471 τοῦτο
767 2405 924 2491 λέγοντας
945 2406 1010 2472 κτὲ.

694 2588 904 2597 ——————

352 2701 699 2798 Commentarii
727 2713 773 2773 in
802 2712 1010 2776 comicos
1038 2722 1222 2797 poetas.

515 2946 517 2950 .
757 2867 816 2947 16.

443 2996 656 3078 Φρυνίχου
677 2995 849 3080 Κρόνου
871 2994 1130 3081 ἐξηγητικόν.

321 3125 580 3195 Commentarius
604 3132 741 3217 Didymi
767 3133 801 3195 in
831 3131 1009 3218 Phrynichi
1037 3132 1178 3196 Oronum
1201 3133 1349 3198 innotuit

234 3249 277 3291 ex
288 3225 451 3290 Athenaei
461 3226 511 3291 IX
523 3252 554 3314 p.
568 3233 669 3296 371F
690 3235 725 3297 οῖ
741 3234 777 3298 δὲ
799 3230 836 3298 τό
856 3229 992 3316 γήθυον
1013 3231 1224 3316 καλούμενον
1240 3229 1347 3296 τοῦτό

234 3319 454 3411 pausationes,
475 3317 518 3392 ού
536 3333 739 3415 μνημονεύει
755 3331 923 3416 Φρύνιχος
938 3332 1072 3420 Κρόνῳ,
1095 3329 1178 3416 ὅπερ
1200 3332 1347 3416 ἐξηγού-

232 3452 334 3514 μενος
363 3429 474 3512 δράμα
502 3432 687 3516 Δίδυμος
715 3429 814 3517 ὅμοιά
838 3452 943 3517 φησιν
971 3428 1043 3498 εἶνα
1065 3430 1105 3498 τά
1127 3430 1243 3518 γήθυα
1273 3445 1348 3512 τοῖς

232 3529 426 3614 λεγομένοις
456 3524 736 3616 ἀμπελοπράσοις.
786 3530 826 3599 τὰ
855 3528 888 3599 δ’
917 3529 1002 3599 αύτά
1035 3535 1089 3599 καὶ
1122 3534 1348 3611 ἐπιθνλλίδας

234 3630 271 3716 (Ι.
300 3632 541 3713 ΓΗθυλλίδας)
573 3632 739 3714 λέγεσθαι.
784 3633 988 3719 μνημονεύει
1019 3637 1088 3698 τῶν
1121 3636 1349 3717 γηθυλλίδων

232 3729 288 3794 καί
309 3724 505 3816 Ἐπίχαρμος
534 3732 571 3796 ἐν
601 3732 789 3817 Φιλοκτήτῃ
816 3728 937 3810 οὕτως·
969 3735 1025 3799 (ἐν
1048 3731 1085 3800 δὲ
1107 3733 1257 3816 σκόροδα
1279 3737 1348 3800 δύο

231 3892 294 3950 τῦν
322 3900 416 3952 πίθον
445 3891 497 3952 ούκ
521 3893 683 3967 άναπλήσαι
704 3898 710 3967 Ι
733 3894 795 3950 ulis
819 3893 1010 3963 ἐπαντλούσας
1032 3895 1190 3972 ὑδροφόρῳ
1214 3900 1350 3976 καμάτῳ.

231 3987 318 4039 Codd.
348 3988 445 4039 Anno
476 3980 527 4046 τάς
554 3980 619 4049 τύν,
650 3988 711 4038 edd.
734 3989 825 4039 τοῖον.
867 3989 912 4039 Sic
934 3991 1003 4041 solet
1025 3993 1139 4042 Lucian.
1170 3992 1215 4042 111
1239 4009 1267 4058 p.
1295 3994 1352 4046 579

230 4064 247 4122 ὁ
270 4070 394 4137 Μίθρης
418 4064 527 4131 ἐκεῖνος
551 4065 566 4122 ὁ
589 4070 695 4137 Μῆδος
717 4065 733 4123 ὁ
755 4066 818 4138 τήν
841 4067 951 4123 κάνδυν
973 4073 1021 4125 κοιλ
1044 4070 1097 4141 τήν
1121 4070 1237 4142 τιάραν.
1278 4081 1352 4132 Luc.

230 4158 295 4210 dial.
315 4159 468 4221 mur.10,4
484 4149 552 4207 ὁδὶ
570 4151 637 4224 τήν
655 4158 824 4225 πορφυρίδα
843 4151 940 4210 οῦτοσλ
958 4157 1006 4210 καί
1024 4154 1062 4211 ιδ
1081 4156 1220 4228 διάδημα.
1242 4166 1352 4233 Georg.

230 4244 313 4309 Syna.
337 4245 418 4308 past
436 4243 478 4293 ed.
490 4245 577 4297 Bonn.
598 4239 717 4295 Πλάτων
737 4237 753 4297 ὁ
772 4238 826 4310 τήν
843 4239 966 4311 άρχαίαν
985 4246 1147 4313 κωμῳδίαν.
1164 4249 1207 4300 Cf.
1220 4252 1300 4302 Iena.
1322 4262 1353 4305 at

229 4327 386 4379 Hemsterh.
405 4329 519 4379 Lucian.
540 4335 559 4379 t.
578 4331 607 4380 11
624 4346 652 4394 p.
671 4332 837 4382 446Μα115.
857 4347 898 4395 gr.
919 4331 965 4383 Gr.
986 4332 1014 4382 11
1033 4337 1059 4395 §-
1079 4333 1160 4383 4271>
1175 4350 1204 4397 p.
1226 4337 1293 4390 788.
