2932 5002
227 390 289 454 338

226 555 327 642 Apud
346 553 527 619 Homerum
548 548 723 635 legendum
746 571 819 614 esse
842 558 979 636 apparet
995 542 1263 633 'ApyeFtpdvvpc
1288 548 1346 637 [oi.

224 650 435 739 Ἀρείφατος,
461 648 674 735 Ἀρειμανής,
694 645 961 738 Ἆρειδύσανος],
988 652 1171 738 respicique
1195 649 1347 714 fabulam

227 757 270 821 ab
297 754 499 842 Apollodoro
528 752 545 816 Ι
573 757 593 817 6
600 755 650 834 ,3
678 752 744 817 vol.
772 751 790 815 I
817 775 849 839 p.
879 753 919 816 23
952 752 1061 840 Heyn.
1090 759 1255 816 narratam
1290 751 1351 815 καὶ

228 855 408 939 κατέστησε
431 850 578 942 [φύλακα
594 852 671 918 αδδ.
684 852 816 940 Faber]
834 850 1023 938 Δελφύνην
1041 852 1244 936 δράκαιναν·
1265 845 1350 935 ἡμί-

229 1083 284 1137 τες
304 1054 345 1124 τά
365 1059 473 1139 νεῦρα
495 1050 649 1140 ἥρμοσαν
671 1058 717 1142 τῷ
739 1057 802 1120 Διῒ
819 1051 994 1132 λαθόντες.
1038 1056 1079 1119 In
1098 1053 1240 1141 epitheto
1263 1074 1348 1116 vero

229 1160 408 1242 διάκτορος
426 1157 514 1222 haud
535 1157 603 1220 ocio
622 1177 665 1219 an
684 1162 731 1220 Δι
744 1153 829 1242 (ός),
850 1156 957 1239 Iovis,
979 1157 1101 1221 mentio
1123 1155 1236 1236 lateat,
1272 1155 1348 1218 sive

154 1326 157 1333 ,
229 1259 439 1348 interpretari
460 1255 555 1321 mulis
576 1252 637 1322 τὸν
652 1253 737 1334 Διὸς
754 1251 881 1340 άιιτορα
902 1259 973 1322 sive
988 1251 1048 1321 τὸν
1062 1251 1148 1335 Διδς
1167 1252 1346 1338 άιιὲστορα.

229 1399 270 1408 -
281 1362 333 1425 De
349 1384 370 1443 γ
385 1358 590 1444 epenthetico
605 1357 770 1444 disputavi
788 1381 820 1444 p.
835 1362 906 1424 317.
920 1359 981 1423 318
997 1360 1032 1422 in
1052 1368 1224 1423 comment.
1246 1357 1283 1422 II
1305 1381 1349 1423 ea

227 1461 390 1551 particula
397 1509 406 1542 ,
439 1482 522 1548 quae
545 1459 799 1547 hypomnemato
819 1461 983 1525 rhetorica
1005 1460 1174 1547 (Aeschin.
1198 1481 1226 1524 c.
1253 1461 1347 1524 Οἴου.

228 1569 260 1645 ὅ.
285 1568 344 1629 107
368 1561 472 1650 Horp
493 1563 740 1648 Κραυμαλίδαι)
765 1564 919 1627 continet.

769 1751 788 1812 3

314 1860 369 1933 Et.
392 1890 436 1932 m.
459 1868 531 1948 372,
553 1868 594 1929 20
617 1867 673 1951 (ct.
686 1865 773 1931 Gud.
787 1869 858 1949 215,
870 1865 924 1951 32)
946 1864 1116 1948 ἐρείπω·
1140 1864 1195 1929 καὶ
1212 1864 1306 1948 λέγει
1328 1860 1348 1930 ὁ

229 1974 263 2035 Δ
270 1968 434 2051 ίδνμος,
461 1961 514 2032 ὅτι
543 1963 599 2032 διά
626 1969 688 2031 τοῦ
710 1992 722 2031 ι
741 1961 866 2051 ὤφειλε
888 1963 1093 2050 γράφεσθαι,
1112 1964 1228 2049 ἐπειδὴ
1253 1964 1349 2050 παρὰ

229 2063 267 2132 τὸ
294 2067 414 2152 ἑρίπνη
435 2068 542 2150 ἐστίν,
571 2060 654 2152 ὅπερ
674 2072 828 2151 σημαίνει
850 2063 912 2152 τὴν
933 2062 1085 2151 μεγάλως
1107 2069 1349 2151 περιπνειομέ-

229 2191 305 2251 νην.
349 2162 388 2234 τὸ
409 2166 446 2233 δὲ
469 2167 587 2253 ἐρίπνας
610 2161 666 2232 διά
688 2173 750 2233 τοῦ
771 2194 784 2233 ι
807 2163 896 2252 παρὰ
915 2165 977 2252 τὴν
999 2192 1050 2250 ιρι
1070 2168 1233 2234 ἐπίτασιν.
1269 2171 1348 2235 Phi·

230 2272 369 2339 loxenus
380 2278 413 2334 ct
420 2268 629 2336 Herodianus
641 2266 762 2350 ἐρείπω
770 2269 1004 2356 praetulerunt.
1019 2270 1127 2350 Attuli
1139 2271 1226 2335 hunc
1237 2270 1349 2335 locum

230 2374 265 2436 in
280 2365 557 2437 'commentatione
575 2369 616 2434 de
636 2369 775 2456 Didymi
793 2369 860 2436 lexi
879 2373 1007 2456 tragica
1024 2396 1056 2459 p.
1072 2375 1142 2451 100,
1164 2370 1222 2437 ubi
1241 2372 1347 2437 schol.

231 2474 273 2538 od
295 2473 394 2559 Soph.
417 2474 471 2537 Ai.
496 2473 558 2536 308
581 2470 655 2535 coll.
678 2469 823 2557 Hesyoh.
843 2471 861 2535 I
880 2493 913 2557 p.
938 2475 1017 2537 1432
1038 2481 1150 2537 nostro
1174 2473 1348 2539 vindicare

230 2574 352 2638 studui.
396 2572 520 2638 Scholii
548 2581 662 2636 auctor
690 2594 818 2659 quoque
848 2572 1011 2637 mordicus
1039 2582 1128 2638 tonet
1150 2575 1347 2660 scripturam

230 2674 382 2758 δριπίοις,
402 2694 597 2761 quamquam
617 2675 849 2758 interpretatur
871 2673 911 2737 τὰ
927 2673 980 2739 ἐπὶ
999 2670 1061 2759 τὴν
1082 2676 1162 2758 ἐραν
1179 2679 1347 2740 πίπτοντα

232 2775 397 2863 (Eustoth.
423 2778 513 2858 1280,
537 2777 604 2862 33),
627 2775 713 2862 quod
734 2774 909 2840 Philoxeni
931 2787 1001 2843 erat
1022 2777 1251 2864 veriloquium.

765 2967 785 3026 4

317 3076 462 3163 Cyiillun
482 3079 555 3143 cod.
574 3078 670 3144 Bodl.
686 3090 771 3148 auct.
788 3080 873 3145 1111
888 3083 955 3145 ποθ
970 3080 1180 3168 apudOrom.
1203 3081 1346 3148 anecdd.

232 3175 307 3241 Por.
323 3176 372 3240 IV
393 3199 426 3263 p.
445 3178 515 3261 188,
532 3182 574 3244 32
595 3182 828 3246 Ποσειδῶν·
853 3175 943 3247 οὕτω
964 3183 1153 3266 Δίδυμος
1175 3183 1231 3246 καὶ
1252 3182 1349 3263 Τρά-

231 3300 310 3361 φων
329 3271 395 3342 άπό
419 3281 478 3362 τῆς
498 3276 639 3363 πόσεως,
659 3275 812 3359 Ἀλεξίων
834 3278 871 3347 δὲ
893 3281 949 3348 καὶ
962 3280 1183 3359 Ἀπολλώνιος
1204 3279 1260 3347 διὰ
1283 3287 1348 3348 τοῦ

231 3403 244 3442 ι
265 3373 355 3462 παρά
375 3373 437 3462 τὴν
460 3382 561 3444 ποσίν
582 3380 653 3468 (Or.
675 3380 792 3467 πόσιν)
815 3379 964 3468 δοτικήν.

317 3480 370 3545 Of.
397 3479 525 3546 Nauck.
553 3482 656 3547 Arist.
682 3482 764 3569 Byz.
787 3508 819 3572 p.
842 3486 915 3569 230,
938 3487 957 3548 3
991 3484 1123 3550 Velsen.
1147 3485 1168 3550 l.
1192 3507 1221 3550 c.
1243 3507 1276 3571 p.
1294 3488 1348 3568 93,

232 3583 287 3669 qui
309 3582 419 3646 omisit
438 3581 538 3648 schol.
556 3584 616 3648 Ar.
631 3583 776 3650 Acharn.
790 3588 851 3650 690
864 3587 967 3672 (682).
988 3586 1052 3651 Εδ.
1070 3586 1235 3651 Gerhardi
1249 3608 1350 3673 opus·

231 3681 349 3765 culum,
372 3683 460 3769 quod
479 3693 529 3748 est
549 3689 658 3750 ’δοσιν
676 3690 842 3766 δνομιαιιρ,
868 3693 973 3753 Wesen
995 3693 1060 3752 ααδ
1075 3694 1200 3767 Geltma
1215 3694 1269 3752 des
1284 3694 1351 3754 Po·

231 3787 351 3846 πείσαιτ’
375 3783 408 3846 in
429 3783 517 3849 Abh.
541 3786 572 3850 d.
596 3786 701 3852 Acad.
725 3786 757 3852 d.
783 3787 885 3852 Wiss.
908 3787 996 3852 Berl.
1024 3789 1103 3852 1852
1126 3811 1158 3873 p.
1178 3791 1350 3853 150-198

232 3880 326 3947 doleo
348 3884 436 3969 quod
456 3887 602 3952 nancisci
623 3909 689 3952 non
710 3888 813 3974 potui.

772 4078 791 4137 5

315 4184 370 4250 Et.
391 4185 479 4250 Gud.
496 4191 546 4270 49,
564 4191 605 4253 30
624 4199 657 4255 et
672 4201 714 4257 ot.
729 4192 850 4278 Augei.
875 4214 927 4282 ap.
947 4194 1104 4260 Ritochel.
1120 4219 1152 4283 p.
1166 4197 1228 4261 V5
1254 4199 1350 4283 (lect.

232 4281 327 4349 catal.
348 4284 454 4351 Bonn.
476 4290 625 4376 1846s47)
647 4284 859 4379 άμφιτρήη
882 4298 971 4382 (sic).
1001 4290 1021 4380 ἡ
1042 4293 1209 4362 θάλασσα.
1238 4294 1354 4384 άμφι-
