2964 5010
597 407 808 456 PRAEFATIO.
1212 412 1264 458 l'Il

154 577 208 622 ces
235 559 346 644 explet
373 555 470 619 etiam
498 552 535 621 τὸ
561 553 671 639 παρὸν
698 561 829 640 βιβλίον
856 558 1041 644 ‘Didymi
1068 559 1265 626 01111111-

152 674 235 737 1111
263 693 365 760 quae
396 680 638 759 supersunt’
665 675 874 760 inscriptum,
901 675 1084 739 Aristarchi
1113 677 1265 764 reliquia-

153 812 225 854 rum
253 790 406 855 editionis
429 793 523 878 quasi
546 813 758 877 praecursor,
787 791 827 855 de
850 793 941 857 cuius
965 792 1101 857 consilio
1124 803 1157 858 et
1179 817 1265 860 com-

151 894 312 995 positione
333 918 369 974 ut
390 911 424 972 11
444 907 506 973 hac
528 909 743 995 praefationis
764 919 856 995 parte
878 911 991 996 paucis
1006 908 1085 973 mihi
1100 932 1265 997 exponen-

151 1026 228 1090 dum
250 1047 394 1108 sumam,
417 1026 468 1090 his
486 1026 735 1092 Friedlaenderi
756 1030 792 1092 in
815 1027 920 1115 praef.
943 1027 986 1119 ad
1007 1028 1154 1093 Ariston.
1176 1051 1208 1114 p.
1225 1047 1262 1092 V1

150 1144 301 1208 effectum
322 1142 432 1208 verbis
458 1151 523 1208 est:
545 1180 588 1192 —
613 1151 733 1209 ‘restat
759 1155 795 1209 ut
817 1146 890 1231 quis
911 1145 1050 1232 Didymi
1072 1143 1193 1209 librum
1214 1166 1266 1211 eo·

149 1261 222 1325 dem
252 1262 348 1326 modo
376 1262 536 1325 restituat.
583 1260 680 1341 Quod
710 1264 815 1335 omitti
841 1264 1002 1350 potuisse,
1032 1263 1061 1327 si
1083 1264 1156 1350 quis
1178 1285 1268 1328 nunc

150 1378 192 1444 de
208 1377 354 1465 Didymo
380 1376 557 1460 scriberet,
585 1387 621 1444 ut
638 1401 742 1465 nuper
764 1380 888 1444 factum
909 1389 974 1462 est,
1004 1380 1039 1444 id
1060 1383 1146 1445 inter
1166 1383 1266 1444 mira·

148 1494 230 1560 bilia
252 1494 462 1560 referendum
477 1498 553 1578 erit,
577 1517 661 1582 quae
683 1496 717 1558 in
740 1495 802 1560 hoc
823 1482 1017 1582 genere'his
1045 1500 1139 1560 annis
1161 1498 1266 1563 multa

150 1613 368 1677 acciderunt.'
413 1613 501 1676 Pace
520 1614 607 1676 enim
627 1613 692 1675 viri
716 1614 849 1696 egregie
872 1612 960 1677 docti
982 1613 1136 1696 dixerim,
1158 1617 1265 1700 magis

151 1732 249 1796 etiam
271 1731 390 1794 mirum
413 1728 539 1810 videri,
571 1727 658 1814 quod
679 1729 810 1793 omnino
832 1730 1000 1817 hucusque
1024 1731 1192 1816 neglectus
1220 1736 1265 1798 ia·

151 1849 219 1912 cuit
237 1847 412 1934 Didymus,
433 1847 733 1942 grammaticorum,
744 1856 787 1926 ¹ut
809 1849 863 1933 qui
885 1855 1040 1932 tanquam
1059 1848 1094 1911 in
1113 1850 1263 1916 confiniis

151 1966 299 2030 Graecae
327 1966 558 2049 Romanaeque
587 1966 819 2047 grammaticae
846 1974 958 2048 natus,
986 1963 1084 2030 facile
1106 1972 1262 2054 gravissi·

96 2167 103 2178 .
149 2105 236 2166 mus,
264 2104 362 2170 quam
383 2082 486 2168 quod,
515 2082 572 2168 qui
593 2082 634 2147 de
655 2082 800 2169 Didymo
829 2082 1062 2148 vocabulorum
1083 2086 1262 2174 interprete

147 2183 397 2266 commentatus
412 2210 477 2283 est,
507 2221 606 2286 opera
626 2199 767 2265 bominis
790 2198 833 2263 ad
854 2199 1031 2266 Homerica
1059 2204 1167 2269 studia
1187 2228 1262 2292 per·
1296 2224 1299 2230 ·

146 2320 285 2384 tinentia
307 2318 425 2382 omisit.
470 2317 554 2381 Erat
571 2318 725 2381 nimirum
749 2317 806 2382 via
826 2327 923 2406 atque
946 2319 1060 2386 ordine
1082 2324 1260 2412 proceden-¹

148 2438 234 2503 dum.
279 2436 394 2522 ltaque
416 2457 490 2500 cum
512 2435 553 2500 de
576 2435 818 2502 commentariis
838 2435 992 2523 Didymi,
1019 2439 1138 2525 quibus
1157 2443 1261 2506 sceni-

148 2577 204 2621 cos
230 2563 342 2642 poetas
369 2553 606 2635 illustraverat,
634 2552 781 2639 quaestio
807 2552 936 2617 absolvi
965 2553 1045 2617 mihi
1070 2579 1135 2620 non
1164 2580 1263 2644 posse

92 2713 95 2718 -
147 2674 328 2756 videretur,
350 2674 540 2760 priusquam
559 2671 600 2736 de
619 2669 737 2734 lexicis
761 2671 885 2734 comico
906 2671 1099 2757 tragicoque
1121 2673 1261 2740 conditis

148 2795 246 2879 inque
273 2790 476 2877 Hesychium
501 2789 642 2874 receptis
672 2795 837 2851 constaret
863 2787 945 2873 (vid.
970 2810 1003 2874 p.
1033 2790 1124 2873 272),
1154 2813 1261 2879 neque

149 2910 324 2997 quidquam
360 2907 543 2992 excogitari
575 2905 749 2971 absurdius
782 2906 957 2993 potuisset,
990 2928 1087 2993 quarn
1113 2909 1260 2975 membra

151 3027 226 3092 libri
255 3037 373 3093 natura
405 3024 615 3091 cohaerentia
640 3033 761 3090 temere
784 3022 957 3109 divellere,
983 3048 1100 3114 nempe
1120 3027 1221 3093 ordiri
1239 3051 1261 3094 a

148 3147 339 3211 recensione
361 3143 552 3226 Homerica,
579 3142 656 3207 dein
678 3142 720 3206 ad
742 3141 850 3206 lexica
871 3141 1038 3225 aberrare,
1064 3167 1259 3232 rursumque

146 3286 277 3329 cursum
305 3262 453 3326 relictum
481 3264 619 3344 iterare,
643 3261 784 3347 primurn
808 3260 925 3342 λέξεις,
954 3258 1073 3324 deinde
1095 3283 1258 3326 commen-

145 3383 263 3463 tarios,
283 3382 380 3444 tertio
399 3379 505 3464 capite
524 3377 681 3465 opuscula
700 3379 930 3462 grammatica,
958 3385 1073 3463 quarto
1095 3378 1256 3443 miscella·

146 3520 210 3565 nea
231 3497 378 3580 absolvi,
400 3499 513 3583 quinto
535 3494 676 3581 denique
698 3495 842 3559 incertae
862 3494 950 3559 sedis
969 3493 1154 3578 fragmenta
1170 3518 1258 3560 corn·

145 3617 317 3705 prehendi.
361 3613 476 3699 Neque
500 3614 643 3679 secundo
671 3577 778 3702 capite
799 3619 986 3677 constanter
1006 3632 1080 3676 eum
1101 3633 1256 3696 paragra·
1290 3629 1292 3633 ’

145 3734 284 3822 phorum
306 3733 453 3798 ordinem
470 3732 577 3813 tenui,
604 3733 656 3796 cui
675 3756 708 3818 p.
728 3731 864 3794 11-13
887 3727 1045 3791 librorum
1062 3735 1254 3813 conspectus

145 3850 400 3936 adstringendus
430 3857 516 3929 erat,
540 3847 597 3911 sed
619 3846 788 3933 paululum
810 3843 890 3908 mihi
919 3842 1154 3907 immutandum
1171 3867 1257 3910 sum·

144 3970 207 4057 psi.
253 3965 393 4032 Scholiis
416 3966 558 4031 enimin
580 3961 719 4026 Iliadem
735 3962 870 4026 Venetis
889 3941 1026 4046 Didymi
1048 3960 1254 4043 διορθωτικά

144 4085 306 4152 contineri
328 4084 436 4148 indice
456 4082 513 4148 illo
530 4078 668 4166 singulis
689 4077 873 4165 rhapsodiis
895 4078 1077 4165 subscripto
1100 4080 1256 4155 certiores

144 4202 254 4284 fimus,
282 4210 315 4265 at
342 4208 456 4264 carent
477 4197 772 4288 subscriptionibus
793 4198 844 4262 his
871 4195 995 4261 scholia
1015 4197 1050 4258 in
1071 4194 1255 4282 Odysseam

142 4317 324 4383 Harleiana
354 4329 386 4383 et
407 4318 684 4383 Mediolanensia:
712 4316 820 4405 itaque
847 4337 890 4380 ex
915 4313 967 4378 his
994 4324 1166 4404 excerptas
1195 4314 1255 4376 Di·
