2948 5024
235 388 276 450 91)

233 579 300 637 ρος,
331 566 389 639 (ex
410 552 537 618 emend.
557 553 669 637 Voss.)
700 547 741 616 dv
772 548 962 635 ὁἈλφειός
990 540 1244 639 τὴνἈρκάθων
1269 561 1345 646 (em.

231 657 389 740 Meinek.)
424 651 712 738 παραμειβόμενος
737 652 833 739 [κατὰ
859 657 951 722 addit
973 658 1032 740 Ml
1068 654 1126 735 τὰς
1163 661 1346 744 λεγομένας

232 752 364 840 γλυφὰς
387 756 559 837 διέρχεται.
584 756 618 819 οἱ
638 754 674 820 δὲ
698 754 774 840 περὶ
797 758 954 840 Δίδυμον
995 758 1057 845 (sic
1080 760 1266 824 Meinekius
1287 783 1346 847 pro

231 881 269 922 eo
285 856 370 944 quod
390 856 498 920 editur
513 853 676 942 ποταμόν)
702 862 889 942 Νυμφαῖον
912 853 960 944 (δ’
975 859 1063 924 delct
1074 860 1122 944 M)
1144 855 1223 944 ὅρος
1240 856 1345 926 ἀκού-

232 977 332 1023 οοοιν
355 958 468 1045 (vulgo
491 953 623 1041 duorlar)
645 956 681 1025 τὸ
707 961 781 1041 περὶ
805 956 867 1044 τὴν
885 955 1071 1043 Ἀρκαδίαν.
1118 962 1232 1049 Neque
1252 962 1344 1028 dubi-

231 1071 279 1125 tat
301 1060 371 1142 ille,
401 1060 480 1146 quin
500 1083 543 1124 cx
564 1084 602 1125 eo
625 1061 761 1147 Didymi
784 1062 868 1126 libro
890 1064 992 1149 petita
1014 1063 1090 1146 sint,
1111 1086 1207 1150 quem
1230 1076 1344 1129 contra

231 1164 337 1249 ipsum
366 1162 478 1226 Ionem
506 1164 676 1248 scripsisse
698 1173 845 1229 nostrum
867 1188 910 1229 ex
930 1164 1049 1229 Athen.
1074 1165 1157 1229 XIV
1181 1188 1213 1252 p.
1237 1167 1342 1230 634E

229 1263 399 1350 probabile
428 1265 480 1327 sit.
524 1266 570 1328 At
596 1265 783 1351 Hesychius
808 1288 914 1353 neque
943 1267 1079 1353 Didymi
1109 1262 1343 1349 ἄντεξηγὴοεις

231 1367 264 1430 in
286 1375 395 1453 partes
423 1367 564 1447 vocavit,
585 1388 690 1452 neque
713 1367 746 1430 in
770 1389 807 1431 co
828 1369 986 1454 peccavit,
1009 1369 1096 1454 quod
1119 1365 1270 1452 ποταμόν
1284 1390 1343 1455 pro

232 1469 388 1551 Δι’δυμον
411 1466 578 1532 scriberet.
609 1468 858 1532 Commentariis
882 1470 967 1533 enim
986 1469 1160 1556 Didymeis
1179 1472 1252 1558 quis
1275 1491 1342 1532 cre-

230 1568 286 1632 dat
308 1568 549 1654 Diogenianum
580 1592 675 1634 nsum
701 1592 789 1651 esse,
822 1592 903 1657 quos
924 1572 995 1657 ipse
1020 1581 1133 1635 auctor
1153 1573 1188 1634 in
1208 1569 1343 1634 brevius

231 1681 413 1736 contractos
443 1673 477 1735 in
502 1672 610 1737 lexico
636 1674 796 1757 tragicum
819 1674 1042 1759 comicumque
1065 1673 1342 1759 constipavisset?

230 1770 390 1857 Ποταμόν
412 1795 490 1838 vero
512 1784 548 1838 ut
572 1773 702 1856 falsum,
724 1777 771 1837 ita
791 1773 982 1837 verisimilis
1006 1783 1055 1838 est
1074 1774 1256 1839 emendatio
1270 1781 1341 1838 Πο-

229 1876 372 1958 λέμωνα.
416 1875 563 1939 Accedat
594 1875 655 1941 hoc
698 1875 916 1960 fragmentum
950 1875 1121 1940 Arcadicis
1154 1876 1340 1940 Polemonis

229 1978 436 2062 Periegetae,
472 1999 567 2064 quern
597 1978 789 2063 saepissime
811 1977 975 2064 Didymus
1009 1986 1199 2041 antestatus.
1255 1977 1341 2040 Huic

228 2080 330 2163 igitur
353 2100 417 2142 non
440 2088 603 2165 postrema
622 2089 747 2143 tantum
769 2078 872 2143 verba
887 2078 945 2142 sed
966 2080 1151 2143 universam
1166 2078 1340 2144 verborum

229 2180 319 2246 Ionis
341 2180 592 2266 explicationem
617 2181 716 2246 debet
738 2181 935 2268 Hesychius.

314 2283 407 2364 Quae
428 2305 502 2347 cum
528 2284 575 2347 ita
594 2285 675 2365 sint,
698 2306 765 2348 non
786 2283 900 2348 dubito
921 2284 1001 2370 quin
1022 2282 1140 2368 reliqui
1158 2284 1254 2346 etiam
1275 2283 1340 2348 He-

130 2405 132 2409 ·
229 2383 334 2472 sychii
354 2385 428 2468 loci,
451 2387 486 2448 in
508 2385 626 2472 quibus
642 2385 733 2450 Ionis
755 2384 917 2450 vocabula
934 2383 1148 2471 explicantur,
1172 2384 1340 2472 eDidymi

229 2488 324 2574 quasi
345 2487 490 2553 fontibus
514 2486 735 2552 ebulliverint.

760 2657 808 2718 12.
848 2730 849 2733 Ν

314 2793 420 2858 Venio
442 2794 485 2857 ad
509 2792 615 2856 locum
638 2790 827 2875 gravissimi
848 2790 1013 2871 momenti,
1034 2811 1130 2875 quem
1147 2791 1271 2854 tamdiu
1286 2813 1339 2852 ne-

229 2895 370 2980 glectum
387 2895 534 2980 jacuisse
555 2895 694 2957 mireris.

316 2995 425 3060 Schol.
453 2995 494 3059 ad
518 2996 617 3082 Soph.
634 2995 787 3058 Trachin.
809 2996 883 3058 1161
910 2985 1016 3074 Ἐμοὶ
1039 2987 1115 3073 γὰρ
1139 2984 1184 3074 ἦν
1209 2992 1340 3072 soris-

229 3098 407 3181 (μαντον)
424 3093 806 3180 Προσμεμαντευμένον,
826 3092 1070 3176 προειρημένον
1087 3088 1153 3158 ὑπὸ
1170 3098 1231 3157 τοὺ
1244 3092 1337 3171 Διός.

232 3194 331 3263 Οὕτω
360 3196 397 3263 δὲ
423 3194 479 3262 διὰ
507 3194 589 3262 τὸσ
618 3197 662 3261 έν
689 3201 736 3283 τῇ
762 3198 940 3280 τραγικῇ
968 3194 1085 3272 λέξει.
1131 3196 1253 3282 Ecquis
1273 3206 1339 3260 tam

231 3303 348 3364 misere
370 3302 544 3382 caecutiat,
566 3309 602 3364 ut
622 3299 761 3386 Didymi
784 3298 903 3384 respici
926 3299 974 3361 sic
994 3298 1152 3383 inscripta
1175 3296 1341 3360 volumina

231 3414 338 3489 neget,
361 3413 393 3468 et
415 3403 486 3467 falli
506 3403 725 3484 Brurickium,
749 3403 804 3489 qni
825 3398 928 3464 verba
948 3400 1128 3463 novissima
1150 3399 1181 3461 h.
1207 3398 1227 3462 l.
1249 3401 1341 3462 omit-

230 3508 270 3570 tit
292 3515 324 3569 et
345 3505 437 3569 addit
458 3515 532 3592 post
547 3507 686 3569 Σέλλων
706 3526 739 3568 v.
764 3502 868 3566 1169?
890 3501 998 3566 Locus
1020 3499 1219 3587 Sophocleus
1239 3502 1340 3585 respi-

229 3609 314 3670 citur
334 3608 366 3670 in
392 3606 536 3694 Hesych.
554 3606 588 3670 II
608 3609 687 3671 1062
707 3628 732 3669 s.
749 3626 781 3668 v.
801 3602 1011 3686 πρόφαντον,
1032 3603 1120 3667 unde
1142 3600 1237 3665 simul
1252 3609 1342 3687 patet

229 3708 376 3773 scholion
397 3710 547 3773 vitiatum
573 3730 645 3772 esse
663 3706 869 3771 restitutione
887 3704 978 3768 sacili
995 3705 1193 3769 sanandum:
1216 3699 1341 3783 πρόσ-

230 3833 409 3893 φαντον·
443 3808 805 3894 προσμεμαντευμένον
832 3808 886 3884 ††
914 3807 1160 3890 προειρημένον
1188 3798 1256 3869 ὑπὸ
1279 3809 1341 3868 τοῦ

230 3909 322 3989 Διός.
347 3907 436 3976 οὕτω
459 3915 534 3996 δίχα
559 3915 621 3977 τοῦ
646 3927 666 3974 o
687 3911 724 3975 ἐν
744 3913 784 3996 τῇ
799 3913 939 3994 τραγικῇ
954 3910 1048 3985 λέξει.
1078 3908 1232 3971 Lacunae
1247 3909 1342 3991 signa

228 4015 338 4100 posui,
371 4014 521 4078 fortassis
553 4012 663 4078 verbis
698 4013 732 4076 οἱ
758 4013 798 4076 δέ
821 4012 1013 4097 explendae.
1064 4009 1232 4073 Discimus
1266 4009 1341 4073 hinc

227 4116 398 4202 interpreti
425 4115 484 4178 La.
505 4123 635 4200 praeter
660 4115 797 4200 Didymi
820 4113 935 4199 Piique
958 4113 1191 4176 commentaria
1212 4110 1254 4174 ad
1276 4131 1341 4173 ma-

228 4216 431 4305 nnmfuisse
452 4217 550 4280 etiam
572 4215 709 4303 Didymi
729 4218 818 4293 λέξιν
838 4209 1018 4297 τραγικήν,
1038 4222 1076 4278 ut
1097 4213 1191 4277 nobis
1210 4231 1341 4298 persua-

229 4337 301 4380 sum
330 4339 402 4382 esse
429 4319 549 4404 possit,
573 4317 754 4404 Didymum
783 4338 842 4381 nos
864 4316 1122 4402 deprehendere,
1156 4313 1341 4399 ubieunque
