2932 5002
734 471 793 530 11².

300 603 394 668 Phot.
420 605 489 683 194,
514 609 527 664 ’1
552 600 801 676 Κυψελιδῶν
821 592 1019 682 ἀνάθημα
1045 599 1087 665 ἐν
1105 597 1336 690 Ὀλυμπίᾳ·

216 706 338 792 (Suid.)
366 704 403 768 ἐν
424 704 560 789 Φαίδρῳ
591 701 690 789 (Plat.
715 701 854 765 Phaedr.
884 724 916 788 p.
940 704 1002 766 236
1014 702 1057 784 Β)
1078 742 1121 753 -
1140 698 1193 781 ὡς
1210 699 1336 787 Ἀγά-

214 816 367 883 κλυτος
388 806 425 869 ἐν
447 808 493 893 τῷ
516 803 591 885 περὶ
611 799 791 887 Ὀλυμπίας
814 802 918 886 φησὶν
945 799 1116 882 οὕτως-
1137 807 1336 890 Δίδυμος

215 908 251 974 δέ
278 907 525 973 κατασκευάσαι
553 902 614 971 τὸν
647 903 814 970 κολοσσόν
844 921 948 990 φησιν
976 909 1201 992 Περίανδρον,
1241 903 1334 991 ὑπὲρ

214 1015 277 1076 τοῦ
294 1015 352 1094 τῆς
374 1013 506 1094 τρυφῆς
527 1008 582 1073 καὶ
603 1010 666 1073 τοῦ
682 1005 835 1091 θράσους
853 1006 1000 1091 ἐπισχεῖν
1011 1004 1091 1086 τούς
1102 1012 1333 1092 Κορινθίους·

215 1112 270 1175 καὶ
292 1109 357 1195 γάρ
380 1107 653 1193 Θεόφραστος
677 1107 783 1195 ἐντῷ
805 1106 879 1191 περὶ
901 1111 1029 1192 καιρῶν
1050 1112 1072 1193 β
1091 1111 1179 1193 λέγει
1202 1105 1334 1187 οὕτως·

215 1212 322 1296 ἕτεροι
345 1212 381 1276 δὲ
405 1215 451 1289 εἰς
468 1205 723 1294 ἀνδρωδέστεροι
740 1211 1050 1293 καταδαπανώντες,
1071 1202 1145 1276 οἷον
1157 1215 1335 1294 στρατείας

215 1312 389 1398 ἐξάγοντες
412 1310 467 1377 καὶ
490 1311 658 1397 πολέμους
680 1309 975 1398 ἐπαναιρούμενοι,
999 1309 1153 1397 καθάπερ
1175 1314 1333 1378 καίΔιο-

215 1413 332 1494 νάσιος
353 1411 372 1480 ὁ
395 1413 578 1499 τύραννος·
603 1414 731 1492 ἐκεῖνος
748 1410 812 1498 γὰρ
829 1408 871 1478 οὐ
888 1411 995 1497 μόνον
1014 1409 1096 1503 ᾤετο
1115 1416 1187 1479 δεῖν
1201 1411 1243 1480 τά
1258 1421 1331 1480 τῶν

214 1513 327 1584 ἄλλων
345 1520 611 1601 καταναλίσκειν,
634 1512 789 1583 ἀλλὰκαὶ
809 1512 848 1582 τά
864 1512 982 1601 αὐτοῦ,
1001 1512 1086 1599 πρὸς
1100 1513 1137 1581 τό
1153 1514 1198 1601 μὴ
1215 1512 1331 1601 ὑπάρ-

214 1643 286 1705 χειν
309 1618 430 1704 ἐφόδια
457 1631 527 1696 τοῖς
548 1617 843 1704 ἐπιβουλεύουσιν.
876 1619 1002 1684 ἐοίκασι
1025 1618 1061 1683 δέ
1084 1619 1138 1683 καὶ
1161 1620 1197 1684 αἱ
1217 1644 1332 1704 πυρα-

213 1725 307 1805 μίδες
341 1719 379 1785 ἐν
414 1718 576 1808 Αἰγύπτῳ
609 1719 665 1786 καὶ
698 1715 716 1785 ὁ
746 1727 814 1785 τῶν
841 1721 1044 1798 Κυψελιδῶν
1070 1717 1234 1799 κολοσσὸς
1275 1724 1334 1788 καί

215 1819 323 1887 πάντα
355 1817 394 1886 τά
422 1826 560 1887 τοιαῦτα
590 1819 652 1907 τὴν
680 1818 788 1905 αὐτὴν
809 1821 864 1887 καὶ
887 1827 1120 1905 παραπλησίαν
1142 1825 1230 1906 ἔχειν
1251 1823 1331 1888 διά-

213 1948 322 1988 νοιαν.
362 1925 498 2007 φέρεται
525 1924 565 1989 δέ
590 1950 621 1990 τι
645 1926 701 1990 καὶ
723 1925 911 2010 ἐπίγραμμα
937 1921 999 1990 τοῦ
1019 1930 1206 1990 κολοσσοῦ·
1240 1926 1329 2011 (εέμὶ

212 2020 279 2107 ἐγά
302 2028 449 2106 χρυσοῦς
468 2022 683 2108 σφυρηλατός
703 2027 769 2109 εἰμι
792 2024 970 2110 κολοσσός,
999 2023 1122 2111 ἐξώλης
1141 2032 1192 2111 είη
1207 2032 1329 2106 Κυψε-

214 2126 319 2189 λιδῶν
340 2122 470 2208 γενεά.’
493 2119 578 2209 ὅπερ
592 2120 750 2203 Ἀπελλᾶς
772 2122 790 2193 ὁ
809 2127 976 2206 Ποντικὸς
996 2123 1086 2193 οὕτω
1101 2131 1328 2213 προφέρεται·

213 2223 292 2308 (εἰμὶ
315 2221 379 2307 ἐγώ
402 2227 501 2303 ναξος
524 2225 734 2310 παγγράσεός
757 2232 822 2313 είμι
843 2227 1015 2313 κολοσσός,
1038 2230 1160 2315 ἐξώλης
1181 2236 1234 2314 είη
1253 2238 1330 2298 Kv·

212 2325 360 2401 ηελιδάν
383 2324 507 2407 γενεά.’
551 2328 633 2413 Leg.
650 2322 759 2407 ’Ἄξιος
788 2329 853 2414 εἰμὶ
876 2327 972 2414 ἐγάν.

296 2427 442 2493 Boeckh.
458 2429 545 2516 expl.
567 2430 663 2496 Pind.
683 2454 715 2518 p.
731 2435 791 2495 214
807 2432 847 2497 de
865 2442 973 2497 statua
987 2454 1095 2516 aurea,
1120 2432 1257 2520 Cypseli
1271 2436 1329 2501 do·

212 2531 321 2612 nario,
352 2531 496 2595 conferri
522 2532 613 2597 iubet
637 2533 774 2598 Aristot.
804 2534 902 2599 Polit.
931 2534 962 2598 V
982 2537 1017 2618 9,
1045 2539 1063 2597 4
1097 2536 1148 2599 ed.
1170 2535 1328 2624 Schneid.

212 2630 321 2695 Strab.
335 2631 421 2695 VIII
432 2656 464 2717 p.
480 2635 542 2696 580
557 2642 640 2697 extr.
653 2635 739 2698 Alm.
752 2636 849 2699 Paus'.
865 2637 896 2701 V
909 2639 937 2719 2,
953 2640 983 2700 4.
1006 2675 1048 2686 -
1069 2636 1166 2701 Adde
1186 2638 1329 2704 analect.

211 2731 358 2796 Brunck.
385 2733 439 2796 III
464 2758 497 2820 p.
525 2738 583 2798 189
612 2751 720 2800 exem
749 2736 864 2801 Stallb.
894 2739 936 2803 ad
965 2737 1048 2802 Plat.
1069 2738 1209 2803 Phaedr.
1232 2762 1261 2802 c.
1290 2744 1330 2803 12

210 2855 242 2918 p.
265 2838 315 2897 40.
338 2838 374 2896 41
408 2834 558 2900 Mueller.
588 2837 629 2901 fr.
653 2837 765 2902 histor.
791 2838 848 2902 Gr.
877 2839 926 2902 lV
953 2863 984 2927 p.
1009 2841 1143 2903 288-
1164 2840 1330 2905 Aristote-

211 2933 275 2999 lem
299 2938 487 3023 compilavit
509 2937 766 3027 Theophrastus.

738 3129 787 3191 12.

297 3252 389 3317 Serv.
411 3254 453 3319 ad
475 3256 574 3342 Verg.
598 3259 683 3324 Aen.
703 3261 753 3326 IV
766 3264 823 3325 261
851 3260 916 3325 vol.
942 3261 958 3324 l
981 3286 1012 3347 p.
1027 3264 1088 3324 275
1111 3261 1223 3326 Lien:
1245 3263 1327 3328 ‘Di-

210 3353 255 3416 cit
275 3354 374 3417 etiam
393 3355 520 3422 Plinius
542 3359 575 3422 iu
593 3361 735 3426 naturali
749 3361 886 3427 historia
909 3362 1095 3448 (XXXVII
1108 3366 1137 3445 9,
1150 3364 1206 3448 37)
1222 3364 1329 3428 multa

211 3475 283 3517 esse
305 3456 466 3541 iaspidum
485 3481 617 3544 genera,
640 3462 808 3549 inquibus
829 3468 925 3528 etiam
941 3464 1066 3529 fulvum
1082 3478 1329 3556 commemorat.

213 3553 300 3638 (Hoc
323 3566 355 3619 et
369 3557 532 3645 Didymus
555 3571 587 3626 et
605 3562 770 3628 Nicander
794 3565 1005 3649 affirmant.)’

296 3656 480 3744 ‘Didymus
513 3672 545 3726 et
573 3663 759 3730 Nicander'
792 3667 823 3730 h.
853 3690 881 3731 e.
919 3668 1072 3750 Δίδυμος
1103 3670 1329 3750 παρατίθεται

211 3757 417 3841 Νίκανδρον,
443 3760 600 3845 ἐπάγεται
621 3763 808 3849 μαρτύριον
830 3765 1039 3851 Νικάνδρου,
1062 3778 1099 3832 ut
1121 3776 1163 3832 et.
1186 3789 1228 3830 m.
1254 3771 1330 3852 148,

209 3858 228 3919 8
248 3855 351 3944 Harp.
373 3862 423 3942 99,
451 3865 487 3926 13
510 3864 655 3931 Maerob.
679 3868 710 3929 V
733 3870 784 3931 22.

738 4054 786 4114 13.

292 4178 444 4242 Clemens
471 4181 569 4246 Alex.
598 4205 630 4269 p.
661 4188 724 4250 569
752 4185 794 4249 A.
822 4190 934 4269 σοφοῦ
958 4182 1022 4272 γάρ
1051 4183 1089 4253 τά
1112 4190 1259 4272 χρῆσθαι
1284 4194 1331 4277 τῇ
