2932 5002
1121 490 1126 496 ,
1175 413 1236 476 351

128 582 199 648 loco
221 581 361 647 rorasse
384 574 467 645 ὅλον
496 587 571 642 ante
591 579 726 662 βιβλίον
744 578 871 642 incuria
891 576 1019 642 scribae
1039 576 1179 640 excidit:
1206 586 1241 642 at

127 683 214 748 hunc
235 703 301 746 non
321 681 523 765 singularem
540 677 659 743 librum
681 677 794 761 fuisse,
817 676 876 741 sed
897 686 1024 763 partem
1046 686 1240 743 commenta-

128 785 169 848 rii
202 785 237 847 in
257 781 490 846 Demosthenis
523 802 572 845 or.
604 803 632 845 c.
653 779 798 843 Medont.
833 778 963 863 longius
991 781 1239 864 exspatiantem,

126 906 170 949 ex
183 884 444 970 Harpocratione
456 891 556 968 patet.
569 919 613 933 -
628 880 782 945 Fortasse
794 881 893 944 etiam
907 872 928 964 ἡ
940 879 1016 964 ιιτρλ
1028 882 1098 945 τῶν
1109 873 1240 957 ἀξόνων

126 987 196 1049 ταῖν
218 981 378 1058 Σόλωνος
406 976 596 1066 ἀντιγραφή
630 975 715 1064 πρδς
741 975 1003 1065 Ἀσκληπιάδην,
1036 1002 1133 1067 quam
1152 981 1238 1046 Plut.

128 1088 187 1151 vit.
215 1085 325 1151 Solon.
355 1106 384 1148 e.
410 1087 422 1145 l
448 1091 692 1164 commemorat,
720 1103 738 1144 e
765 1083 996 1147 commentario
1017 1083 1189 1148 Demosth.
1211 1103 1239 1148 c.

129 1188 289 1252 Aristoer.
314 1189 345 1267 ξ.
369 1184 409 1247 28
434 1183 776 1271 (Harpocr.136,10)
799 1186 945 1267 seorsim,
966 1185 1102 1249 utitem
1124 1184 1240 1266 dicam,

128 1285 296 1351 edebatur.
327 1322 370 1332 -
406 1284 560 1348 Ceterum
594 1277 672 1360 ὅλος
706 1293 738 1348 et
769 1287 885 1369 βίβλος
917 1284 1079 1350 vocabule
1110 1295 1241 1351 nectere

128 1393 370 1453 consuevenmt
400 1387 575 1472 scriptores
598 1385 718 1450 Graeci
739 1387 953 1457 recentiores:
981 1409 1009 1452 e.
1030 1410 1063 1472 g.
1088 1386 1240 1452 Clemens

127 1489 225 1554 Alex.
257 1486 375 1553 Strom.
408 1486 489 1574 Vp.
511 1490 569 1550 751
597 1486 623 1551 Ο
663 1482 752 1552 ὅπου
783 1510 822 1570 ys
853 1486 910 1552 καί
932 1481 1006 1552 ὅλοι
1038 1491 1242 1574 βιβλία-

129 1590 389 1656 ἐιιιδιίκνννται.
432 1586 633 1674 Theophilus
655 1590 689 1652 in
710 1587 828 1673 fragm.
852 1587 998 1671 Seguier.
1022 1586 1134 1675 Steph.
1157 1590 1239 1676 Bya.

128 1689 244 1775 χερσίν
265 1690 333 1767 ἑαῖς
359 1675 526 1770 Θεόῖφιλος
556 1683 654 1766 ὅλας
682 1682 850 1772 ἐγράψατο
871 1690 1053 1773 βίβλους.
1098 1690 1239 1777 Dionys.

129 1791 238 1857 Halic.
270 1792 311 1856 de
341 1790 445 1855 Thuc.
480 1790 579 1855 iudic.
602 1790 697 1855 lxo
726 1784 800 1874 ὅλη
824 1786 903 1874 γὰρ
928 1785 950 1875 ἡ
973 1793 1121 1875 βίβλος
1150 1786 1240 1857 οὕτω

129 1894 364 1976 συγκέκοπται.
409 1891 549 1978 Dionys.
572 1893 680 1958 techn.
704 1915 736 1979 p.
761 1895 822 1957 126
843 1893 895 1957 ed.
916 1891 1039 1957 Schott.
1070 1887 1116 1959 δι’
1138 1887 1159 1958 ὅ
1166 1899 1241 1958 λον

127 1997 203 2059 τοῦ
232 1997 404 2079 βιβλίου
435 1990 670 2078 διοικούμενος
699 1996 867 2077 διοίκησίν
895 2016 970 2059 τινα
999 1991 1168 2078 τοιαύτην.
1198 2032 1241 2044 -

128 2095 244 2182 Itaque
265 2116 283 2159 e
305 2095 443 2182 Didymi
464 2116 605 2160 excursu
626 2096 751 2184 aliquo,
782 2104 819 2161 ut
843 2114 933 2160 more
954 2095 1110 2181 loquendi
1131 2116 1241 2160 recen-

127 2198 245 2261 tiorum
269 2197 430 2261 editorum
452 2206 537 2280 utar,
559 2198 602 2262 ad
622 2197 742 2264 libmm
761 2197 877 2263 Iliadis
892 2196 981 2260 XIII
994 2198 1056 2263 863
1078 2195 1243 2261 fluxerunt

128 2298 216 2363 haud
239 2297 337 2363 dubie
360 2321 443 2386 quae
463 2299 611 2364 referunt
632 2299 743 2387 Steph.
765 2299 847 2386 Byr.
865 2320 897 2384 p.
917 2300 989 2380 344,
1016 2298 1054 2360 12
1077 2295 1178 2362 schol.
1200 2295 1240 2361 V.

128 2423 161 2486 p.
184 2401 247 2466 368
260 2398 292 2481 h,
316 2401 356 2464 26
377 2408 420 2463 et.
440 2421 482 2462 m.
503 2400 575 2480 482,
599 2401 651 2463 25.

213 2497 340 2579 Quodsi
360 2498 438 2563 libri
464 2498 540 2580 περὶ
561 2500 745 2582 Καβαοσοῦ
773 2499 930 2573 memoria
949 2519 1015 2562 non
1037 2496 1174 2579 suffieit,
1206 2505 1242 2561 ut

129 2601 310 2686 Didymum
343 2601 429 2666 inter
457 2598 662 2685 geographos
688 2620 807 2663 nomen
834 2597 1020 2684 professum
1048 2618 1121 2661 esse
1153 2596 1241 2660 affir-

129 2724 264 2785 memus,
285 2705 356 2766 iure
376 2711 486 2765 nostro
508 2699 741 2783 dubitabimus,
759 2720 837 2763 num
856 2708 923 2762 tres
945 2698 1008 2762 loci
1030 2696 1097 2781 elii,
1120 2698 1154 2761 in
1171 2699 1241 2784 qui-

128 2801 189 2867 bus
212 2801 454 2889 ethnographus
469 2802 512 2867 ad
532 2794 795 2865 Alexandrinum
811 2800 1059 2885 grammaticum
1076 2808 1243 2888 provocat,

128 2904 171 2968 ad
191 2904 287 2970 huius
318 2925 418 2992 opera
446 2903 556 2989 aliqua
578 2901 798 2988 geographica
818 2923 862 2966 an
884 2903 1132 2969 commentarios
1156 2902 1242 2991 (rhe-

128 3004 263 3091 toricos)
286 3007 474 3092 respiciant.

213 3127 244 3170 α.
281 3104 393 3193 Steph.
414 3106 497 3193 Byr.
512 3107 585 3188 486,
606 3109 626 3169 9
644 3104 690 3168 Μ.
715 3106 873 3182 Οίνοῦς
895 3109 1070 3190 πολίχνιον
1084 3111 1242 3172 Λακωνι·

129 3210 207 3291 κῆς,
233 3201 279 3285 ὡς
299 3202 501 3293 Ἀνδροτίων
528 3207 583 3272 καὶ
612 3209 810 3291 Δίδυμος.
857 3206 908 3273 Of.
934 3207 1039 3273 curtii
1059 3207 1240 3295 Peloponn.

130 3307 216 3396 Hp.
240 3312 313 3376 263.
337 3312 395 3374 321
423 3310 558 3392 (Athen.
581 3309 703 3395 Deipn.
727 3308 744 3370 Ι
765 3331 798 3395 p.
820 3309 910 3396 310)
936 3312 961 3398 i.

212 3417 239 3477 δ.
283 3411 395 3499 Steph.
416 3413 498 3500 Bya.
522 3416 579 3495 34,
605 3416 618 3474 1
654 3413 848 3495 Δίδυμος
873 3411 913 3477 δέ
929 3427 1050 3496 φησιν,
1070 3406 1122 3477 ὅτι
1139 3407 1242 3495 Ἀθη-

129 3515 224 3589 ναίας
246 3513 404 3598 λέγουσιν
427 3509 501 3579 ἀντὶ
522 3516 584 3579 τοῦ
598 3506 756 3589 Ἀττικάς.
801 3506 819 3577 ὁ
843 3508 881 3577 δὲ
902 3509 1110 3595 Φρύνιχος
1138 3508 1242 3577 ἄνατ-

129 3610 225 3678 τικόν
245 3629 350 3695 φησιν
373 3609 540 3697 εἶναιτὴν
567 3608 689 3696 φωνὴν
715 3615 770 3678 καλ
798 3609 979 3695 θαυμάζει,
1002 3616 1073 3690 πῶς
1093 3607 1112 3677 ὅ
1134 3619 1242 3694 Φερε-

129 3709 253 3795 κράτης
280 3706 501 3790 ἆττικοίτατος
528 3705 577 3777 civ
601 3717 730 3798 χρῆται.
775 3713 828 3778 Of.
851 3713 989 3778 Antiatt.
1016 3712 1125 3778 Bekk.
1150 3720 1199 3798 77,
1222 3720 1241 3778 5

125 3806 370 3896 Ἀθηναίαν,
406 3808 470 3879 οὐκ
496 3809 656 3897 Ἀττικήν.
680 3876 686 3893 ,
707 3814 760 3880 cf.
792 3813 949 3878 Ritsohel.
982 3814 1023 3879 de
1045 3816 1113 3881 Om
1144 3839 1176 3902 p.
1202 3819 1242 3880 58

131 3913 259 3979 Nauck.
278 3915 382 3980 Arist.
405 3915 488 4003 Bya.
509 3938 541 4002 p.
565 3918 625 3981 213
650 3926 718 3981 not.

214 4038 241 4090 c.
285 4014 396 4104 Steph.
426 4018 509 4104 Bya.
536 4040 568 4104 p.
597 4021 653 4100 72,
682 4022 702 4082 6
734 4022 922 4103 Δίδυμος
954 4015 991 4083 di
1024 4022 1243 4102 παρατίθεται

201 4172 226 4239 l)
262 4175 315 4238 Qui
346 4175 418 4240 apud
457 4175 571 4225 eundem
603 4173 772 4227 Athenaeum
806 4176 907 4226 citatur
938 4191 964 4240 p.
996 4175 1027 4226 31
1056 4180 1082 4230 Ι)
1114 4178 1243 4244 Alciphro

130 4259 305 4312 Maeandrius
323 4262 388 4312 mihi
407 4268 549 4328 suspectus
570 4267 627 4322 est,
651 4263 700 4313 sed
717 4263 803 4314 latere
821 4262 930 4313 videtur
948 4255 1131 4329 Μαιάνδριος
1149 4256 1164 4315 δ
1185 4264 1243 4315 Μι-

131 4340 237 4410 λήσιος,
255 4349 344 4412 quode
361 4349 418 4399 dixi
429 4351 465 4399 in
483 4366 579 4400 comm.
598 4348 632 4399 de
650 4349 797 4416 Tryphone
812 4366 838 4415 p.
856 4348 900 4400 34.
