2962 5024
218 415 276 478 182

214 581 372 645 τοιοῦτον
403 573 503 644 εἶναι·
539 578 576 643 ἐν
597 577 635 643 δὲ
659 579 794 643 πολλῶν
821 571 956 657 ἀνδρῶν
980 568 1085 660 ὁμίλῳ
1114 575 1184 650 πως
1212 566 1256 636 ἄν
1275 595 1327 646 τις

215 676 323 756 οὕτως
349 676 519 763 χριόμενος
546 671 567 762 ἢ
593 683 681 765 εἴκοι
710 670 825 763 ἢπολς
853 677 888 741 οί
911 670 1095 750 ιἰκοόουτες
1123 667 1325 749 ιἰκοόσειανς

215 771 323 858 οὕτως
344 782 546 864 Δίδυμος.
743 866 781 927 13

301 981 409 1048 Schol.
438 982 480 1046 cd
508 983 547 1047 ΙΙ.
578 986 609 1046 T
633 985 674 1045 90
701 975 764 1063 τὴν
790 975 827 1044 δ“ε
854 973 922 1043 διό
952 971 970 1040 ό
1002 973 1064 1060 μὲν
1085 969 1329 1053 Ἀσκαλωνίτης

217 1079 382 1169 περισσὴν
399 1077 542 1166 ἡγεῖται,
565 1077 583 1146 ό
605 1080 642 1146 δέ
663 1083 850 1165 Δίδυμος
874 1079 1048 1162 σημαίνειν
1070 1072 1107 1140 τό
1130 1070 1260 1156 διόλου,
1282 1067 1328 1148 ὡς

218 1185 273 1252 καὶ
309 1187 475 1266 διαλείτης
501 1182 557 1271 (al.
584 1183 764 1267 διηλίτης),
792 1175 810 1245 ὁ
840 1178 958 1245 διόλου
980 1173 1199 1263 ἁμαρτάνων,
1228 1166 1250 1256 ἢ
1279 1166 1326 1238 δι’

219 1285 338 1371 ἑαυτῆς
360 1284 468 1351 πάντα
490 1287 585 1348 τελεῖ.
609 1282 648 1347 Β.
750 1371 788 1429 14

304 1485 413 1552 Schol.
434 1485 476 1549 cd
499 1483 539 1549 Il.
566 1487 596 1548 Τ
617 1487 675 1549 116
697 1477 852 1564 ἄλοχον
874 1478 1110 1544 Σθενέλου·
1141 1478 1330 1559 Δίδυμος

221 1590 439 1671 παρατίθεται
467 1582 665 1668 Φερεκύδην
693 1582 755 1667 μὲν
785 1580 926 1664 λέγοντα
953 1575 1062 1663 αὐτὴν
1090 1573 1151 1661 την
1176 1575 1330 1652 Πέλοπος

217 1681 408 1772 Ἀμφιβίαν.
441 1679 596 1761 Ἡσίοδος
617 1685 654 1749 δὲ
672 1679 840 1767 Ἀρτιβίαν
861 1676 1037 1767 [Ἀντιβίαν
1058 1679 1112 1765 V.]
1133 1671 1195 1761 τὴν
1209 1671 1329 1759 Ἀμφι-

220 1788 387 1871 δάμαντος
417 1781 649 1866 ἀποφαίνεται.
680 1784 754 1848 AV.
790 1783 842 1848 Of.
870 1792 980 1847 tamen
1009 1780 1212 1866 subsequens
1238 1777 1330 1842 scho-

219 1888 316 1971 lium,
336 1886 424 1952 uude
445 1894 580 1971 apparet
602 1884 663 1949 sub
681 1880 835 1960 Ἡσίοδος
856 1884 973 1953 vitium
992 1880 1105 1946 latere.

751 2073 801 2132 15.

307 2184 415 2250 Schol.
438 2184 535 2250 Hom.
559 2185 599 2249 Il.
618 2189 652 2250 X
674 2186 743 2250 126.
764 2189 783 2248 7
804 2209 837 2272 p.
860 2186 921 2248 592
942 2181 1052 2247 Bckk.
1073 2176 1137 2246 οὔκ
1159 2180 1244 2265 ἐστι,
1263 2203 1331 2263 φη-

221 2289 292 2370 σίν,
320 2280 480 2371 ἄντικρυς
498 2281 670 2370 Ἀχιλλέως
698 2288 907 2371 διηγεῖσθαι,
935 2277 1073 2361 ὁποίους
1101 2273 1145 2346 ἂν
1165 2281 1331 2364 παρθένοι

222 2388 277 2453 καί
307 2382 430 2471 ἠίθεοι.
477 2389 512 2453 οί
540 2383 604 2471 μὰρ
635 2387 769 2453 παλαιοί
799 2382 840 2451 τὰ
875 2383 1074 2468 ἐκτιθέμενα
1102 2381 1211 2468 βρέφη
1243 2380 1332 2465 παρὰ

222 2487 343 2572 δρυσίν
363 2480 385 2570 ἢ
407 2486 542 2571 πέτραις
564 2482 777 2571 εὑρίσκοντες
797 2486 950 2571 ἐνόμιζον
978 2486 1014 2550 ἐκ
1037 2480 1169 2549 τούτων
1190 2486 1331 2566 γεγενῆ-

222 2576 324 2653 σθαι.
365 2585 402 2651 ἐκ
429 2582 588 2651 τοιούτου
613 2585 650 2650 δέ
681 2587 811 2672 ἐγένετο
842 2583 862 2672 ἡ
898 2583 1077 2668 ὑπόληψις.
1100 2585 1113 2673 ΙΙ
1136 2586 1171 2650 οί
1197 2582 1332 2650 παλαιοί

221 2688 394 2774 νομαδικῷ
421 2685 576 2770 ἐχρῶντο·
593 2689 639 2775 τῷ
665 2693 728 2776 βίῳ
756 2692 861 2766 οίκίας
889 2686 1025 2772 μηδέπω
1050 2685 1255 2769 κεκτημένοι.
1298 2686 1335 2750 αί

222 2777 286 2853 οόν
311 2797 468 2871 μνναίκες
493 2789 663 2852 τίκτουσαι
688 2787 726 2852 έν
752 2800 821 2867 τοῖς
847 2784 961 2873 ὄρεσιν
988 2782 1055 2852 ὑπὸ
1079 2783 1119 2850 τὰ
1141 2782 1332 2870 κοιλώματα

222 2891 292 2952 τοῖν
312 2891 445 2970 πετρῶν
466 2884 522 2951 καὶ
545 2887 661 2971 δρυῶν
683 2939 690 2952 .
715 2939 722 2952 .
747 2939 753 2952 .
778 2883 990 2974 εὑρίσκοντες
1008 2887 1048 2952 δέ
1067 2910 1155 2964 τινες
1176 2890 1331 2971 νομίζον-

222 3010 276 3063 τες
303 2986 436 3050 έκείθεν
464 2992 669 3070 γεγενῆσθαι
695 2985 891 3073 ἀνέτρεφον.
939 2984 959 3072 ἡ
988 2989 1117 3072 ίστορίιι
1148 2982 1237 3071 παρὰ
1266 2993 1332 3052 Δι-

223 3083 328 3173 δόμιμ.
352 3087 457 3152 ΑΒΙ).
491 3087 544 3152 cf.
564 3088 722 3173 Odysst
747 3093 805 3154 163
829 3113 857 3154 c.
877 3091 995 3174 sohol.,
1025 3090 1126 3155 schol.
1150 3090 1277 3155 Platon.
1297 3112 1330 3175 p,

222 3191 284 3251 414
309 3187 419 3251 Bekk.
441 3186 566 3271 Unger.
587 3189 701 3272 pared.
726 3189 831 3255 Theb.
854 3214 886 3277 p.
910 3196 971 3256 443
994 3214 1019 3256 s.
1032 3214 1064 3256 v.
1081 3191 1226 3276 Odrysii.

754 3377 802 3440 16.

308 3486 416 3552 Schol.
446 3489 488 3553 ad
520 3488 560 3553 Il.
594 3491 628 3553 Ω
661 3492 723 3553 640
755 3487 948 3575 Δίδυμός
983 3508 1104 3577 φησιν,
1138 3483 1189 3555 ὅτι
1223 3487 1331 3578 χόρτῳ

223 3583 299 3652 ἀντὶ
323 3589 454 3671 τειχέων
476 3585 632 3672 ἐχρῶντο.
655 3589 697 3653 V.

307 3687 400 3751 Haec
435 3689 577 3754 sedecim
618 3712 636 3753 e
665 3689 802 3776 Didymi
834 3693 868 3754 in
900 3691 1039 3756 Iliadem
1071 3692 1333 3782 hypomnematis

223 3789 406 3874 fragmenta
424 3800 608 3875 supersunt,
631 3791 750 3879 quihus
771 3794 912 3856 auctoris
933 3816 1051 3858 nomen
1068 3803 1117 3859 est
1138 3798 1331 3882 appositum,

223 3888 281 3952 sed
313 3888 363 3953 his
395 3889 492 3975 longe
516 3883 618 3978 ‚pluis
648 3894 683 3956 in
717 3891 850 3956 scholiis
872 3893 1008 3958 Venetis
1046 3894 1149 3960 latere
1184 3919 1251 3961 non
1282 3905 1332 3961 est

223 3988 310 4074 quod
332 4011 530 4056 moneamus.
558 3993 720 4079 Equidem
742 3992 821 4055 mihi
845 3993 980 4058 dubium
1001 4017 1067 4060 non
1087 4004 1150 4079 est,
1169 3999 1249 4084 quin
1269 3997 1332 4061 loci

222 4089 264 4153 cd
282 4111 382 4153 unum
404 4113 531 4174 omnes,
559 4092 678 4178 quibus
701 4094 735 4156 in
761 4092 826 4157 fine
849 4094 995 4159 additum
1019 4096 1139 4181 legitur
1159 4091 1179 4180 ἡ
1202 4099 1332 4179 ίστορία

223 4184 312 4271 παρὰ
342 4192 387 4275 τῷ
407 4190 519 4273 δεῖνα,
550 4213 612 4255 nec
638 4214 705 4256 non
732 4194 772 4275 ii,
805 4194 840 4257 in
873 4193 992 4280 quibus
1014 4196 1198 4262 Aristarchi
1227 4199 1331 4275 λέξεις

221 4299 528 4372 commemorentur,
550 4290 695 4378 Didymo
715 4303 827 4360 nostro
849 4295 1010 4381 originem
1032 4297 1182 4362 debeant.
