2964 5010
258 399 299 460 62

256 562 414 629 asseclam
432 585 519 627 nune
535 564 770 628 adversarium.
791 564 1046 656 {Seh01.Vespp.
1064 574 1143 635 14112
1159 572 1299 640 fortasse
1320 598 1370 642 re·

257 666 355 751 spicit
382 664 462 729 Hes.
495 667 688 749 Σιμωνίδης
714 662 788 742 νίός
813 671 1052 753 Θεσπρωτούς]
1098 675 1179 759 Arg.
1209 677 1268 740 Ar.
1291 677 1369 742 Pae.

257 766 320 830 hue
342 788 408 831 non
430 765 607 849 facit,'sed
630 767 730 832 schol.
755 768 831 832 Pae.
856 774 913 832 701
937 771 978 835 de
994 794 1026 835 v.
1054 769 1245 852 δρακιάσας
1271 799 1370 864 snpra

255 871 289 932 in
317 891 386 933 rem
415 878 560 934 nostram
582 870 812 935 convertimus,
857 869 965 936 Schol.
986 875 1045 938 Ar.
1068 877 1132 939 Av.
1158 880 1217 941 122
1238 910 1281 938 z:
1302 879 1368 943 vol.

255 971 308 1036 III
331 995 362 1058 p.
390 976 448 1036 157
468 971 584 1036 Dinds.
620 970 753 1055 (Bernh.
775 972 940 1038 Eratosth.
961 999 992 1062 p.
1011 978 1072 1040 222
1094 977 1207 1061 XXV)
1239 977 1368 1043 Σισύ-

255 1097 349 1156 ραν.·
389 1077 543 1155 Σίσυρνα
573 1072 629 1138 καὶ
651 1070 774 1158 σισύρα
794 1073 850 1137 καί
874 1077 970 1150 σίσυς
992 1076 1203 1159 διαφέρουσι.
1244 1074 1369 1162 σισύρα

255 1173 318 1260 μὲν
343 1173 408 1259 γάρ
438 1175 505 1240 ἐστι
536 1172 573 1240 τὸ
604 1174 637 1253 ἐξ
663 1177 798 1258 αἰγείων
817 1173 993 1260 δερμάτων
1014 1180 1062 1243 ἔτι
1079 1173 1138 1257 τὰς
1159 1184 1270 1262 τρίχας
1291 1182 1369 1264 ἕχον

254 1279 466 1359 σκέπαστρον
494 1277 680 1361 (σκέπασμα
704 1278 778 1360 V.),
808 1271 870 1360 την
891 1275 929 1341 δέ
958 1282 1125 1362 σίσνρναν
1144 1282 1180 1345 oi
1198 1277 1282 1346 κατὰ
1304 1288 1367 1348 Λι-

254 1376 344 1464 βύην
365 1379 523 1462 λέγουσιν
550 1375 586 1442 τδ
615 1377 651 1442 ἐκ
671 1381 740 1442 ταῖν
762 1381 895 1442 κωδίων
916 1379 1130 1465 ραπτόμενον
1150 1377 1366 1466 άμπεχόνιον.

252 1487 349 1560 σίσνς
377 1480 416 1547 δέ
438 1479 506 1545 έστι
538 1475 627 1565 παχύ
656 1478 789 1563 ἱμάτιον
809 1480 864 1545 καὶ
887 1476 1035 1565 εὐτελές,
1067 1480 1153 1567 πρὸς
1175 1483 1212 1549 δὲ
1235 1485 1290 1550 καί
1309 1510 1366 1569 μι-

252 1583 355 1669 κρόν,
384 1579 574 1667 ἐπιτήδειον
604 1586 650 1660 είς
671 1583 709 1647 ἓν
730 1578 897 1649 ἅπτεσθαι
919 1575 994 1647 οἷον
1011 1584 1197 1669 έξωμίδιον.
1230 1584 1365 1672 Ισισύρα

252 1693 388 1772 χλαίνης
412 1681 499 1764 εἶδος
522 1681 680 1762 εύτελοῦς
703 1678 778 1752 οἷον
803 1681 962 1764 ἁπλοΐδας
985 1679 1006 1769 ἢ
1026 1687 1186 1771 ἐξωμίδος
1206 1683 1227 1772 ἢ
1249 1688 1365 1756 τοιού·

251 1812 313 1853 τον
335 1784 438 1865 τινός.
480 1781 722 1872 Ἀριστοφάνης
745 1787 783 1851 έν
804 1788 988 1870 Νεφέλαις·
1029 1786 1067 1851 έν
1089 1788 1188 1854 πέντε
1210 1789 1365 1875 σισύραις

252 1890 305 1971 V.l
329 1883 347 1953 ὁ
371 1887 408 1954 δὲ
428 1883 680 1973 Ἐρατοσθένης,
703 1883 749 1966 ὥς
767 1888 837 1953 έστι
859 1891 966 1974 βαίτη.
990 1887 1145 1973 καθάπερ
1166 1889 1203 1957 τὸ
1219 1894 1364 1976 δένδρον

251 1989 288 2055 τδ
317 1984 400 2055 αύτδ
426 1989 481 2054 καλ
512 1985 703 2075 άνδραχνον
733 1990 789 2055 καί
814 1985 1008 2073 άνδρόχνην
1035 1996 1225 2076 καλοῦμεν,
1255 1989 1364 2070 οὕτως

251 2089 358 2184 pionte
389 2088 534 2175 σισύραν
559 2092 615 2157 καλ
644 2095 743 2156 σίσυν
772 2090 825 2156 ἐπὶ
847 2095 910 2156 τοῦ
933 2088 1042 2157 αύτού
1064 2093 1277 2180 ἐκδέχεσθαι,
1307 2095 1363 2161 καλ

252 2199 368 2278 τρίτην
401 2194 695 2280 προςλαμβάνονσι
727 2190 893 2278 σισύρνην
921 2195 957 2257 οί
982 2189 1065 2258 κατά
1093 2195 1228 2281 Λιβύην
1255 2194 1293 2265 τδ
1325 2200 1361 2262 ἐκ

250 2301 319 2361 τῶν
350 2299 484 2362 κωδίων
505 2293 543 2361 τὸ
566 2290 771 2379 άμαεχόνιον
796 2292 1018 2378 καλούμενον.
1045 2297 1112 2381 [καὶ
1132 2293 1195 2380 τὴν
1216 2297 1362 2380 σισύραν

249 2403 368 2484 βαίτην
390 2395 563 2483 ὑπέλαβον
585 2391 670 2461 εἶναι
692 2396 787 2473 τινές.
809 2393 846 2462 τὸ
871 2393 908 2461 δὲ
930 2391 995 2461 otu
1014 2398 1106 2463 ἐστιν
1119 2394 1255 2483 ἀληθές,
1276 2394 1362 2464 ἀλλὰ

248 2506 383 2585 χλαίνης
403 2496 491 2579 είδος
511 2495 669 2575 εὐτελοῦς
691 2488 765 2561 οἷον
787 2498 929 2581 ἐξωμίδα
951 2491 972 2580 ἢ
994 2501 1151 2565 διπλοΐδα
1167 2492 1187 2581 ἢ
1204 2497 1360 2565 τοιοῦτόν

249 2630 290 2669 τι.
314 2599 422 2681 οὕτως
444 2603 481 2668 έν
503 2606 548 2690 τῷ
571 2603 699 2687 λεξικῷ.
718 2600 774 2682 VJ
1161 2608 1163 2614 '

354 2708 394 2771 In
412 2704 526 2771 scholl.
542 2704 631 2789 vulg.
662 2697 904 2784 Ἐρατοσθένης
926 2702 965 2766 δέ
985 2718 1107 2785 φησιν,
1129 2697 1181 2767 ὅτι
1203 2700 1358 2789 καθάπερ
1420 2780 1430 2786 ‚

189 2852 193 2857 -
290 2809 422 2893 legitur,
449 2809 556 2872 minus
585 2813 683 2869 reete.
728 2803 792 2868 Pro
821 2801 1014 2886 ἐκδέχεσθαι
1036 2803 1206 2888 legebatur
1227 2804 1359 2888 μετέχε-

290 2907 382 2991 σθαι,
404 2910 491 2995 quod
512 2905 633 2972 Bernh.
655 2904 802 2970 mutabat
823 2907 857 2968 in
879 2899 1044 2989 ὀνόματος
1066 2905 1233 2989 λέγεσθαι.
1264 2905 1357 2971 Idem

290 3017 362 3095 post
382 3011 515 3074 κωδίων
534 3003 570 3073 τὸ
590 3007 667 3072 addi
688 3008 784 3070 iussit
799 3003 1012 3090 δακνόμενον
1028 3016 1059 3071 et
1073 3029 1131 3093 pro
1147 3006 1358 3091 καλούμενον
1462 3042 1467 3053 »

289 3112 427 3174 tentavit
465 3107 688 3192 καλουμένην.
745 3109 797 3172 De
838 3103 1017 3197 ιἰνδράχνφ
1054 3110 1122 3173 vid.
1165 3108 1356 3175 Sehneider.

288 3212 451 3298 Theophr.
470 3212 501 3276 V
517 3236 548 3299 p.
566 3214 637 3275 311.
682 3210 799 3298 Aperit
821 3210 1047 3275 Eratosthenis
1070 3212 1265 3276 sententiam
1284 3213 1355 3276 cod.

288 3312 423 3378 Taurin.
449 3337 480 3376 n.
503 3315 561 3376 179
590 3310 646 3377 fol.
664 3315 726 3375 2711
754 3322 886 3377 auctore
905 3313 1023 3377 Amad.
1046 3312 1196 3400 Peyrone
1218 3321 1292 3400 post
1313 3322 1355 3377 et.

288 3416 375 3482 Gud.
399 3441 431 3503 p.
451 3418 531 3479 1030
551 3406 791 3499 Ἐρατοσθένης
811 3412 894 3498 φησὶ
915 3410 1060 3497 σισύραν
1082 3410 1301 3498 στεχάστριον
1321 3413 1354 3492 ἐξ

287 3520 423 3602 αίγείων
444 3513 620 3602 δερμάτων
639 3518 906 3601 τετριχωμένων,
926 3520 1092 3602 σίσνρναν
1114 3513 1153 3582 δὲ
1172 3512 1210 3582 τδ
1228 3519 1265 3582 ἐκ
1287 3540 1357 3582 κω-

286 3623 370 3685 δίων
403 3622 462 3704 (sie
488 3643 547 3708 pro
574 3621 701 3685 κοδίων
730 3618 852 3705 Corsy)
890 3616 1104 3704 ρατιτάμενον
1138 3613 1353 3703 άμπεχάνιον.

286 3723 432 3804 Quocum
466 3723 684 3787 conferendus
717 3722 858 3808 denique
891 3720 992 3786 schol.
1024 3722 1110 3786 Plst.
1144 3746 1176 3809 p.
1196 3725 1267 3785 250
1301 3722 1353 3787 ed.

285 3824 418 3890 Ruhnk.
450 3828 523 3909 (466
552 3824 675 3907 Bekk.)
706 3820 915 3906 Σισύραν·
940 3817 1183 3906 ’Ἐρατοσθένης
1210 3820 1355 3905 σισύραν

285 3926 367 4011 φησί
385 3924 603 4009 στεγάστριον
625 3924 657 4002 ἐξ
679 3927 815 4008 αίχείων
833 3921 1009 4009 δερμάτων
1024 3924 1277 4008 τετριχωμένον,
1300 3925 1354 3986 σί-

284 4046 415 4111 συρναν
444 4025 481 4093 δὲ
511 4025 547 4091 τὸ
582 4027 618 4091 ἐκ
647 4030 716 4092 ταῖν
746 4029 880 4093 κωδίων
907 4024 1119 4111 δαπτέμενον
1147 4019 1354 4109 άμττεχόνιον

284 4124 316 4213 {i
336 4127 488 4213 χούνναν
510 4127 614 4211 φασὶν
643 4129 762 4194 Zonsr.
787 4129 821 4193 ΙΙ
843 4153 872 4194 ο.
899 4134 977 4192 1645
1001 4128 1113 4193 Tittm.
1134 4128 1225 4191 Bsst.
1250 4127 1351 4210 Greg.

284 4233 356 4295 Cor.
384 4256 415 4319 p.
445 4233 507 4294 540
542 4229 708 4318 Moschop.
736 4253 770 4296 π.
801 4232 889 4313 σχεδ.
922 4229 1147 4314 Lindenbrog.
1178 4228 1221 4293 ad
1242 4229 1351 4292 Amm.

281 4332 381 4395 Mare.
406 4332 502 4395 Obss.
526 4356 557 4417 p.
579 4333 643 4414 481.
689 4329 803 4417 Neque
828 4352 907 4395 vero
939 4331 1077 4395 dissidet
1107 4329 1295 4415 Hesychius
1317 4329 1354 4392 Il
