<?xml version="1.0" encoding="UTF-8"?>
<!DOCTYPE html PUBLIC "-//W3C//DTD XHTML 1.0 Transitional//EN"
    "http://www.w3.org/TR/xhtml1/DTD/xhtml1-transitional.dtd">
<html xmlns="http://www.w3.org/1999/xhtml" xml:lang="en" lang="en">
 <head>
  <title>
</title>
<meta http-equiv="Content-Type" content="text/html;charset=utf-8" />
  <meta name='ocr-system' content='tesseract 3.04.00' />
  <meta name='ocr-capabilities' content='ocr_page ocr_carea ocr_par ocr_line ocrx_word'/>
</head>
<body>
  <div class='ocr_page' id='page_1' title='image "./didymichalcente00schmgoog_0252.png"; bbox 0 0 2962 5024; ppageno 0'>
   <div class='ocr_carea' id='block_1_1' title="bbox 1186 412 1247 475">
    <p class='ocr_par' dir='ltr' id='par_1_1' title="bbox 1186 412 1247 475">
     <span class='ocr_line' id='line_1_1' title="bbox 1186 412 1247 475; baseline 0.033 -2"><span class='ocrx_word' id='word_1_1' title='bbox 1186 412 1247 475; x_wconf 80' lang='lat'><strong><em>233</em></strong></span> 
     </span>
    </p>
   </div>
   <div class='ocr_carea' id='block_1_2' title="bbox 136 536 1327 762">
    <p class='ocr_par' dir='ltr' id='par_1_2' title="bbox 136 536 1327 762">
     <span class='ocr_line' id='line_1_2' title="bbox 222 536 1249 661; baseline 0.001 -20"><span class='ocrx_word' id='word_1_2' title='bbox 222 578 253 641; x_wconf 92' lang='lat' dir='ltr'><strong>A</strong></span> <span class='ocrx_word' id='word_1_3' title='bbox 281 599 359 641; x_wconf 89' lang='lat' dir='ltr'><strong>vero</strong></span> <span class='ocrx_word' id='word_1_4' title='bbox 384 575 514 660; x_wconf 85' lang='lat' dir='ltr'><strong>longius</strong></span> <span class='ocrx_word' id='word_1_5' title='bbox 538 536 632 639; x_wconf 79' lang='lat' dir='ltr'><strong>abest</strong></span> <span class='ocrx_word' id='word_1_6' title='bbox 652 575 827 660; x_wconf 80' lang='lat' dir='ltr'><strong>Didymus.</strong></span> <span class='ocrx_word' id='word_1_7' title='bbox 871 575 956 638; x_wconf 83' lang='lat' dir='ltr'><strong><em>Nom</em></strong></span> <span class='ocrx_word' id='word_1_8' title='bbox 984 584 1097 661; x_wconf 84' lang='lat' dir='ltr'><strong>aperte</strong></span> <span class='ocrx_word' id='word_1_9' title='bbox 1120 576 1161 640; x_wconf 88' lang='lat' dir='ltr'><strong>de</strong></span> <span class='ocrx_word' id='word_1_10' title='bbox 1183 578 1249 642; x_wconf 91' lang='lat' dir='ltr'><strong><em>Eu-</em></strong></span> 
     </span>
     <span class='ocr_line' id='line_1_3' title="bbox 136 663 1327 762; baseline 0.003 -24"><span class='ocrx_word' id='word_1_11' title='bbox 136 676 244 762; x_wconf 83' lang='lat' dir='ltr'><strong>phane</strong></span> <span class='ocrx_word' id='word_1_12' title='bbox 270 674 413 760; x_wconf 89' lang='lat' dir='ltr'><strong>loquitur</strong></span> <span class='ocrx_word' id='word_1_13' title='bbox 439 673 612 739; x_wconf 84' lang='lat' dir='ltr'>Pindarus.</span> <span class='ocrx_word' id='word_1_14' title='bbox 657 672 772 759; x_wconf 88' lang='lat' dir='ltr'><strong>Neque</strong></span> <span class='ocrx_word' id='word_1_15' title='bbox 797 674 883 756; x_wconf 83' lang='lat' dir='ltr'><strong>scio,</strong></span> <span class='ocrx_word' id='word_1_16' title='bbox 917 696 975 738; x_wconf 88' lang='lat' dir='ltr'><strong><em>cur</em></strong></span> <span class='ocrx_word' id='word_1_17' title='bbox 1003 673 1107 740; x_wconf 87' lang='lat' dir='ltr'><strong>locum</strong></span> <span class='ocrx_word' id='word_1_18' title='bbox 1134 676 1250 762; x_wconf 90' lang='lat' dir='ltr'><strong>perob·</strong></span> <span class='ocrx_word' id='word_1_19' title='bbox 1326 663 1327 673; x_wconf 10' lang='grc' dir='ltr'><strong><em>ὀ</em></strong></span> 
     </span>
    </p>
   </div>
   <div class='ocr_carea' id='block_1_3' title="bbox 140 775 643 863">
    <p class='ocr_par' dir='ltr' id='par_1_3' title="bbox 140 775 643 863">
     <span class='ocr_line' id='line_1_4' title="bbox 140 775 643 863; baseline -0.006 -20"><span class='ocrx_word' id='word_1_20' title='bbox 140 799 270 844; x_wconf 79' lang='lat' dir='ltr'><strong>courum</strong></span> <span class='ocrx_word' id='word_1_21' title='bbox 292 783 446 863; x_wconf 81' lang='lat' dir='ltr'><strong>queratur</strong></span> <span class='ocrx_word' id='word_1_22' title='bbox 466 775 643 859; x_wconf 84' lang='lat' dir='ltr'><strong>Bergkius.</strong></span> 
     </span>
    </p>
   </div>
   <div class='ocr_carea' id='block_1_4' title="bbox 563 943 717 1027">
    <p class='ocr_par' dir='ltr' id='par_1_4' title="bbox 563 943 717 1027">
     <span class='ocr_line' id='line_1_5' title="bbox 563 943 717 1027; baseline 0 -1"><span class='ocrx_word' id='word_1_23' title='bbox 563 943 564 947; x_wconf 65' lang='lat'><em>&#39;</em></span> <span class='ocrx_word' id='word_1_24' title='bbox 665 967 717 1027; x_wconf 82' lang='lat'><strong><em>45.</em></strong></span> 
     </span>
    </p>
   </div>
   <div class='ocr_carea' id='block_1_5' title="bbox 137 1076 1251 1575">
    <p class='ocr_par' dir='ltr' id='par_1_5' title="bbox 137 1076 1251 1575">
     <span class='ocr_line' id='line_1_6' title="bbox 224 1076 1250 1168; baseline 0.001 -21"><span class='ocrx_word' id='word_1_25' title='bbox 224 1081 332 1147; x_wconf 86' lang='lat' dir='ltr'><strong>Schol.</strong></span> <span class='ocrx_word' id='word_1_26' title='bbox 362 1082 454 1146; x_wconf 89' lang='lat' dir='ltr'><strong>Nem.</strong></span> <span class='ocrx_word' id='word_1_27' title='bbox 485 1087 517 1147; x_wconf 85' lang='lat' dir='ltr'><em>E</em></span> <span class='ocrx_word' id='word_1_28' title='bbox 545 1086 582 1145; x_wconf 81' lang='lat' dir='ltr'><strong><em>lo</em></strong></span> <span class='ocrx_word' id='word_1_29' title='bbox 608 1105 640 1168; x_wconf 88' lang='lat' dir='ltr'><strong><em>p.</em></strong></span> <span class='ocrx_word' id='word_1_30' title='bbox 672 1085 732 1145; x_wconf 82' lang='grc'><strong><em>461</em></strong></span> <span class='ocrx_word' id='word_1_31' title='bbox 768 1076 883 1145; x_wconf 87' lang='grc' dir='ltr'><strong><em>ούπω</em></strong></span> <span class='ocrx_word' id='word_1_32' title='bbox 910 1082 1062 1164; x_wconf 78' lang='grc' dir='ltr'><strong><em>γένυσι</em></strong></span> <span class='ocrx_word' id='word_1_33' title='bbox 1086 1088 1250 1166; x_wconf 83' lang='grc' dir='ltr'><strong><em>φαίνων</em></strong></span> 
     </span>
     <span class='ocr_line' id='line_1_7' title="bbox 139 1177 1251 1269; baseline 0 -18"><span class='ocrx_word' id='word_1_34' title='bbox 139 1186 335 1265; x_wconf 82' lang='grc' dir='ltr'><strong><em>τέρειναν</em></strong></span> <span class='ocrx_word' id='word_1_35' title='bbox 365 1177 506 1268; x_wconf 83' lang='grc' dir='ltr'><strong><em>ματέρ’</em></strong></span> <span class='ocrx_word' id='word_1_36' title='bbox 537 1179 743 1260; x_wconf 78' lang='grc' dir='ltr'><strong><em>οἰνάνθας</em></strong></span> <span class='ocrx_word' id='word_1_37' title='bbox 771 1178 960 1269; x_wconf 90' lang='grc' dir='ltr'><strong><em>ὀπώραν·</em></strong></span> <span class='ocrx_word' id='word_1_38' title='bbox 990 1225 1032 1233; x_wconf 92' lang='grc'><strong>-</strong></span> <span class='ocrx_word' id='word_1_39' title='bbox 1060 1189 1251 1269; x_wconf 80' lang='grc' dir='ltr'><strong><em>Δίδυμος</em></strong></span> 
     </span>
     <span class='ocr_line' id='line_1_8' title="bbox 138 1280 1251 1371; baseline 0.001 -20"><span class='ocrx_word' id='word_1_40' title='bbox 138 1286 174 1351; x_wconf 84' lang='grc' dir='ltr'><strong><em>δὲ</em></strong></span> <span class='ocrx_word' id='word_1_41' title='bbox 202 1281 336 1371; x_wconf 79' lang='grc' dir='ltr'><strong><em>βέλτιόν</em></strong></span> <span class='ocrx_word' id='word_1_42' title='bbox 365 1303 449 1368; x_wconf 90' lang='grc' dir='ltr'><strong><em>φησι</em></strong></span> <span class='ocrx_word' id='word_1_43' title='bbox 471 1280 516 1371; x_wconf 81' lang='grc' dir='ltr'><strong><em>μὴ</em></strong></span> <span class='ocrx_word' id='word_1_44' title='bbox 538 1281 600 1350; x_wconf 89' lang='grc' dir='ltr'><strong><em>τόν</em></strong></span> <span class='ocrx_word' id='word_1_45' title='bbox 623 1282 771 1369; x_wconf 82' lang='grc' dir='ltr'><strong><em>καρπόν,</em></strong></span> <span class='ocrx_word' id='word_1_46' title='bbox 796 1281 879 1352; x_wconf 84' lang='grc' dir='ltr'><strong><em>άλλά</em></strong></span> <span class='ocrx_word' id='word_1_47' title='bbox 908 1281 970 1371; x_wconf 79' lang='grc' dir='ltr'><strong><em>τὴν</em></strong></span> <span class='ocrx_word' id='word_1_48' title='bbox 993 1283 1087 1370; x_wconf 84' lang='grc' dir='ltr'><strong><em>ώραν</em></strong></span> <span class='ocrx_word' id='word_1_49' title='bbox 1101 1284 1251 1371; x_wconf 79' lang='grc' dir='ltr'><strong><em>ἀκούειν,</em></strong></span> 
     </span>
     <span class='ocr_line' id='line_1_9' title="bbox 137 1380 1251 1471; baseline 0.003 -18"><span class='ocrx_word' id='word_1_50' title='bbox 137 1382 219 1453; x_wconf 80' lang='grc' dir='ltr'><strong><em>καθ’</em></strong></span> <span class='ocrx_word' id='word_1_51' title='bbox 241 1380 285 1469; x_wconf 78' lang='grc' dir='ltr'><strong><em>ἢν</em></strong></span> <span class='ocrx_word' id='word_1_52' title='bbox 307 1380 326 1452; x_wconf 85' lang='grc' dir='ltr'>ὁ</span> <span class='ocrx_word' id='word_1_53' title='bbox 347 1383 476 1470; x_wconf 87' lang='grc' dir='ltr'><strong><em>καρπός</em></strong></span> <span class='ocrx_word' id='word_1_54' title='bbox 491 1380 671 1471; x_wconf 84' lang='grc' dir='ltr'><strong><em>ὁμώνυμος</em></strong></span> <span class='ocrx_word' id='word_1_55' title='bbox 686 1391 891 1454; x_wconf 85' lang='grc' dir='ltr'><strong><em>πεπαίνεται.</em></strong></span> <span class='ocrx_word' id='word_1_56' title='bbox 913 1383 966 1455; x_wconf 81' lang='grc' dir='ltr'><strong><em>ὅτι</em></strong></span> <span class='ocrx_word' id='word_1_57' title='bbox 984 1385 1021 1455; x_wconf 71' lang='grc' dir='ltr'><strong><em>δὲ</em></strong></span> <span class='ocrx_word' id='word_1_58' title='bbox 1034 1394 1175 1456; x_wconf 84' lang='grc' dir='ltr'><strong><em>καλοῦσι</em></strong></span> <span class='ocrx_word' id='word_1_59' title='bbox 1191 1387 1251 1456; x_wconf 81' lang='grc' dir='ltr'><strong><em>τὸν</em></strong></span> 
     </span>
     <span class='ocr_line' id='line_1_10' title="bbox 137 1483 770 1575; baseline -0.003 -20"><span class='ocrx_word' id='word_1_60' title='bbox 137 1485 257 1571; x_wconf 86' lang='grc' dir='ltr'><strong><em>καιρόν</em></strong></span> <span class='ocrx_word' id='word_1_61' title='bbox 277 1484 434 1571; x_wconf 87' lang='grc' dir='ltr'><strong><em>ὀπώραν,</em></strong></span> <span class='ocrx_word' id='word_1_62' title='bbox 449 1483 595 1574; x_wconf 84' lang='grc' dir='ltr'><strong><em>Ὅμηρος</em></strong></span> <span class='ocrx_word' id='word_1_63' title='bbox 618 1490 649 1575; x_wconf 86' lang='grc' dir='ltr'><strong><em>(ξ</em></strong></span> <span class='ocrx_word' id='word_1_64' title='bbox 672 1489 770 1573; x_wconf 82' lang='lat'>384)·</span> 
     </span>
    </p>
   </div>
   <div class='ocr_carea' id='block_1_6' title="bbox 136 1584 1252 2595">
    <p class='ocr_par' dir='ltr' id='par_1_6' title="bbox 136 1584 1252 2083">
     <span class='ocr_line' id='line_1_11' title="bbox 265 1584 1115 1679; baseline 0 -22"><span class='ocrx_word' id='word_1_65' title='bbox 265 1590 320 1657; x_wconf 78' lang='grc' dir='ltr'><strong><em>καὶ</em></strong></span> <span class='ocrx_word' id='word_1_66' title='bbox 342 1586 422 1674; x_wconf 87' lang='grc' dir='ltr'><strong><em>φάτ’</em></strong></span> <span class='ocrx_word' id='word_1_67' title='bbox 446 1588 646 1657; x_wconf 78' lang='grc' dir='ltr'><strong><em>ἐλεύσεσθαι</em></strong></span> <span class='ocrx_word' id='word_1_68' title='bbox 668 1584 688 1674; x_wconf 79' lang='grc' dir='ltr'><em>ἢ</em></span> <span class='ocrx_word' id='word_1_69' title='bbox 711 1591 748 1655; x_wconf 79' lang='grc' dir='ltr'><strong><em>ἐν</em></strong></span> <span class='ocrx_word' id='word_1_70' title='bbox 769 1592 864 1674; x_wconf 77' lang='grc' dir='ltr'><strong><em>θέρει</em></strong></span> <span class='ocrx_word' id='word_1_71' title='bbox 887 1586 907 1675; x_wconf 80' lang='grc' dir='ltr'><strong><em>ἢ</em></strong></span> <span class='ocrx_word' id='word_1_72' title='bbox 929 1592 966 1656; x_wconf 79' lang='grc' dir='ltr'><strong><em>ἐν</em></strong></span> <span class='ocrx_word' id='word_1_73' title='bbox 987 1588 1115 1679; x_wconf 85' lang='grc' dir='ltr'><strong><em>ὀπώρη.</em></strong></span> 
     </span>
     <span class='ocr_line' id='line_1_12' title="bbox 136 1682 1250 1778; baseline 0 -18"><span class='ocrx_word' id='word_1_74' title='bbox 136 1696 232 1760; x_wconf 78' lang='grc' dir='ltr'><strong><em>θέλει</em></strong></span> <span class='ocrx_word' id='word_1_75' title='bbox 261 1682 326 1758; x_wconf 82' lang='grc' dir='ltr'><strong><em>οὖν</em></strong></span> <span class='ocrx_word' id='word_1_76' title='bbox 348 1693 478 1777; x_wconf 83' lang='grc' dir='ltr'><strong><em>λέγειν,</em></strong></span> <span class='ocrx_word' id='word_1_77' title='bbox 507 1687 559 1758; x_wconf 83' lang='grc' dir='ltr'><strong><em>ὅτι</em></strong></span> <span class='ocrx_word' id='word_1_78' title='bbox 581 1688 677 1758; x_wconf 80' lang='grc' dir='ltr'><strong><em>οὕτω</em></strong></span> <span class='ocrx_word' id='word_1_79' title='bbox 705 1688 825 1775; x_wconf 85' lang='grc' dir='ltr'><strong><em>καιρὸν</em></strong></span> <span class='ocrx_word' id='word_1_80' title='bbox 846 1699 907 1759; x_wconf 84' lang='grc' dir='ltr'><strong><em>τοῦ</em></strong></span> <span class='ocrx_word' id='word_1_81' title='bbox 927 1690 1136 1776; x_wconf 86' lang='grc' dir='ltr'><strong><em>γενειάσκειν</em></strong></span> <span class='ocrx_word' id='word_1_82' title='bbox 1153 1697 1250 1778; x_wconf 80' lang='grc' dir='ltr'><strong><em>ἔχων.</em></strong></span> 
     </span>
     <span class='ocr_line' id='line_1_13' title="bbox 139 1790 1251 1882; baseline 0.001 -20"><span class='ocrx_word' id='word_1_83' title='bbox 139 1792 308 1878; x_wconf 81' lang='grc' dir='ltr'><strong><em>οἰνάνθην</em></strong></span> <span class='ocrx_word' id='word_1_84' title='bbox 336 1790 401 1877; x_wconf 85' lang='grc' dir='ltr'><strong><em>γάρ</em></strong></span> <span class='ocrx_word' id='word_1_85' title='bbox 431 1790 515 1860; x_wconf 84' lang='grc' dir='ltr'><strong><em>κατά</em></strong></span> <span class='ocrx_word' id='word_1_86' title='bbox 538 1790 734 1879; x_wconf 76' lang='grc' dir='ltr'><strong><em>μεταφορὰν</em></strong></span> <span class='ocrx_word' id='word_1_87' title='bbox 762 1790 821 1861; x_wconf 82' lang='grc' dir='ltr'><strong><em>τὸν</em></strong></span> <span class='ocrx_word' id='word_1_88' title='bbox 843 1801 962 1860; x_wconf 87' lang='grc' dir='ltr'><strong><em>ίουλον</em></strong></span> <span class='ocrx_word' id='word_1_89' title='bbox 984 1801 1112 1882; x_wconf 74' lang='grc' dir='ltr'><strong><em>εἴρηκε,</em></strong></span> <span class='ocrx_word' id='word_1_90' title='bbox 1134 1798 1251 1863; x_wconf 79' lang='grc' dir='ltr'><strong><em>τουτέ-</em></strong></span> 
     </span>
     <span class='ocr_line' id='line_1_14' title="bbox 138 1892 1252 1985; baseline 0.003 -23"><span class='ocrx_word' id='word_1_91' title='bbox 138 1914 191 1963; x_wconf 85' lang='grc' dir='ltr'><strong><em>στι</em></strong></span> <span class='ocrx_word' id='word_1_92' title='bbox 218 1892 281 1979; x_wconf 83' lang='grc' dir='ltr'><strong><em>την</em></strong></span> <span class='ocrx_word' id='word_1_93' title='bbox 309 1892 447 1981; x_wconf 89' lang='grc' dir='ltr'><strong><em>πρώτην</em></strong></span> <span class='ocrx_word' id='word_1_94' title='bbox 469 1900 537 1962; x_wconf 87' lang='grc' dir='ltr'><strong><em>τών</em></strong></span> <span class='ocrx_word' id='word_1_95' title='bbox 566 1895 752 1980; x_wconf 77' lang='grc' dir='ltr'><strong><em>γενειάδων</em></strong></span> <span class='ocrx_word' id='word_1_96' title='bbox 776 1894 966 1980; x_wconf 85' lang='grc' dir='ltr'><strong><em>άνάφυσιν·</em></strong></span> <span class='ocrx_word' id='word_1_97' title='bbox 996 1894 1105 1985; x_wconf 81' lang='grc' dir='ltr'><strong><em>μήτηρ</em></strong></span> <span class='ocrx_word' id='word_1_98' title='bbox 1128 1898 1165 1964; x_wconf 73' lang='grc' dir='ltr'><strong><em>δὲ</em></strong></span> <span class='ocrx_word' id='word_1_99' title='bbox 1190 1905 1252 1966; x_wconf 87' lang='grc' dir='ltr'><strong><em>τού</em></strong></span> 
     </span>
     <span class='ocr_line' id='line_1_15' title="bbox 138 1993 657 2083; baseline -0.004 -19"><span class='ocrx_word' id='word_1_100' title='bbox 138 1996 347 2082; x_wconf 87' lang='grc' dir='ltr'><strong><em>γενειάσκειν</em></strong></span> <span class='ocrx_word' id='word_1_101' title='bbox 366 2002 514 2081; x_wconf 87' lang='grc' dir='ltr'><strong><em>γίγνεται</em></strong></span> <span class='ocrx_word' id='word_1_102' title='bbox 533 1993 554 2083; x_wconf 84' lang='grc' dir='ltr'><em>ἡ</em></span> <span class='ocrx_word' id='word_1_103' title='bbox 578 1995 657 2083; x_wconf 82' lang='grc' dir='ltr'><strong><em>ώρα.</em></strong></span> 
     </span>
    </p>

    <p class='ocr_par' dir='ltr' id='par_1_7' title="bbox 137 2100 1251 2595">
     <span class='ocr_line' id='line_1_16' title="bbox 220 2100 1247 2190; baseline 0.003 -26"><span class='ocrx_word' id='word_1_104' title='bbox 220 2100 265 2165; x_wconf 92' lang='grc' dir='ltr'><strong><em>Η.</em></strong></span> <span class='ocrx_word' id='word_1_105' title='bbox 289 2101 311 2164; x_wconf 95' lang='lat' dir='ltr'><strong><em>l.</em></strong></span> <span class='ocrx_word' id='word_1_106' title='bbox 333 2101 500 2187; x_wconf 82' lang='lat' dir='ltr'>Didymus</span> <span class='ocrx_word' id='word_1_107' title='bbox 522 2111 637 2190; x_wconf 80' lang='lat' dir='ltr'><strong>poetae</strong></span> <span class='ocrx_word' id='word_1_108' title='bbox 657 2110 798 2167; x_wconf 85' lang='lat' dir='ltr'><strong>mentem</strong></span> <span class='ocrx_word' id='word_1_109' title='bbox 819 2104 975 2190; x_wconf 82' lang='lat' dir='ltr'><strong>percepit.</strong></span> <span class='ocrx_word' id='word_1_110' title='bbox 1007 2102 1059 2167; x_wconf 81' lang='lat' dir='ltr'><strong>ef.</strong></span> <span class='ocrx_word' id='word_1_111' title='bbox 1078 2102 1247 2168; x_wconf 77' lang='lat' dir='ltr'><strong>Chaerem.</strong></span> 
     </span>
     <span class='ocr_line' id='line_1_17' title="bbox 137 2203 1249 2292; baseline 0.003 -24"><span class='ocrx_word' id='word_1_112' title='bbox 137 2205 258 2269; x_wconf 87' lang='lat' dir='ltr'><strong>Athen.</strong></span> <span class='ocrx_word' id='word_1_113' title='bbox 282 2203 334 2267; x_wconf 89' lang='lat' dir='ltr'><strong><em>XI</em></strong></span> <span class='ocrx_word' id='word_1_114' title='bbox 353 2227 386 2290; x_wconf 90' lang='lat' dir='ltr'><strong><em>p.</em></strong></span> <span class='ocrx_word' id='word_1_115' title='bbox 405 2206 467 2270; x_wconf 87' lang='grc'><strong><em>608</em></strong></span> <span class='ocrx_word' id='word_1_116' title='bbox 491 2206 544 2291; x_wconf 87' lang='lat' dir='ltr'><strong>(tr.</strong></span> <span class='ocrx_word' id='word_1_117' title='bbox 564 2205 621 2270; x_wconf 84' lang='lat' dir='ltr'><strong><em>Gr.</em></strong></span> <span class='ocrx_word' id='word_1_118' title='bbox 638 2205 691 2268; x_wconf 92' lang='grc' dir='ltr'><strong><em>ΙΙΙ</em></strong></span> <span class='ocrx_word' id='word_1_119' title='bbox 712 2229 744 2291; x_wconf 91' lang='lat' dir='ltr'><strong><em>p.</em></strong></span> <span class='ocrx_word' id='word_1_120' title='bbox 762 2207 820 2268; x_wconf 88' lang='lat'><strong><em>133</em></strong></span> <span class='ocrx_word' id='word_1_121' title='bbox 839 2205 889 2270; x_wconf 90' lang='lat' dir='ltr'><strong>ed.</strong></span> <span class='ocrx_word' id='word_1_122' title='bbox 907 2205 1043 2289; x_wconf 79' lang='lat' dir='ltr'><strong>Wagn.)</strong></span> <span class='ocrx_word' id='word_1_123' title='bbox 1065 2207 1249 2292; x_wconf 78' lang='lat' dir='ltr'><strong>appositum</strong></span> 
     </span>
     <span class='ocr_line' id='line_1_18' title="bbox 138 2302 1249 2388; baseline 0.005 -21"><span class='ocrx_word' id='word_1_124' title='bbox 138 2326 159 2367; x_wconf 86' lang='lat' dir='ltr'>a</span> <span class='ocrx_word' id='word_1_125' title='bbox 179 2304 312 2368; x_wconf 78' lang='lat' dir='ltr'><strong>Dissen.</strong></span> <span class='ocrx_word' id='word_1_126' title='bbox 334 2302 421 2388; x_wconf 86' lang='lat' dir='ltr'><strong>expl.</strong></span> <span class='ocrx_word' id='word_1_127' title='bbox 444 2325 477 2387; x_wconf 91' lang='lat' dir='ltr'><strong><em>p.</em></strong></span> <span class='ocrx_word' id='word_1_128' title='bbox 502 2306 574 2368; x_wconf 82' lang='lat'><strong>392.</strong></span> <span class='ocrx_word' id='word_1_129' title='bbox 595 2307 668 2368; x_wconf 84' lang='lat'><strong>393.</strong></span> <span class='ocrx_word' id='word_1_130' title='bbox 699 2305 836 2369; x_wconf 84' lang='lat' dir='ltr'><strong>Homeri</strong></span> <span class='ocrx_word' id='word_1_131' title='bbox 854 2305 945 2369; x_wconf 84' lang='lat' dir='ltr'><strong>locus</strong></span> <span class='ocrx_word' id='word_1_132' title='bbox 968 2304 1063 2369; x_wconf 87' lang='lat' dir='ltr'><strong>docet</strong></span> <span class='ocrx_word' id='word_1_133' title='bbox 1084 2307 1117 2368; x_wconf 96' lang='lat' dir='ltr'><strong><em>in</em></strong></span> <span class='ocrx_word' id='word_1_134' title='bbox 1135 2305 1249 2372; x_wconf 83' lang='lat' dir='ltr'><strong>echoll.</strong></span> 
     </span>
     <span class='ocr_line' id='line_1_19' title="bbox 138 2404 1251 2494; baseline 0.002 -25"><span class='ocrx_word' id='word_1_135' title='bbox 138 2407 258 2469; x_wconf 80' lang='lat' dir='ltr'><strong>nostrie</strong></span> <span class='ocrx_word' id='word_1_136' title='bbox 281 2404 419 2492; x_wconf 86' lang='lat' dir='ltr'><strong>Didymi</strong></span> <span class='ocrx_word' id='word_1_137' title='bbox 450 2406 691 2471; x_wconf 79' lang='lat' dir='ltr'><strong>adnotationem</strong></span> <span class='ocrx_word' id='word_1_138' title='bbox 720 2406 797 2470; x_wconf 92' lang='lat' dir='ltr'><strong>olim</strong></span> <span class='ocrx_word' id='word_1_139' title='bbox 831 2407 997 2470; x_wconf 83' lang='lat' dir='ltr'><strong>exstitisse</strong></span> <span class='ocrx_word' id='word_1_140' title='bbox 1028 2428 1115 2471; x_wconf 93' lang='lat' dir='ltr'><strong>nunc</strong></span> <span class='ocrx_word' id='word_1_141' title='bbox 1139 2407 1251 2494; x_wconf 87' lang='lat' dir='ltr'><strong>deper-</strong></span> 
     </span>
     <span class='ocr_line' id='line_1_20' title="bbox 139 2505 671 2595; baseline -0.002 -23"><span class='ocrx_word' id='word_1_142' title='bbox 139 2508 240 2572; x_wconf 77' lang='lat' dir='ltr'><strong>ditam</strong></span> <span class='ocrx_word' id='word_1_143' title='bbox 263 2507 304 2572; x_wconf 90' lang='lat' dir='ltr'><strong>de</strong></span> <span class='ocrx_word' id='word_1_144' title='bbox 326 2506 465 2571; x_wconf 90' lang='lat' dir='ltr'><strong>lectione</strong></span> <span class='ocrx_word' id='word_1_145' title='bbox 488 2505 525 2570; x_wconf 81' lang='grc' dir='ltr'><strong><em>ἐν</em></strong></span> <span class='ocrx_word' id='word_1_146' title='bbox 546 2529 604 2595; x_wconf 88' lang='lat' dir='ltr'><strong><em>pro</em></strong></span> <span class='ocrx_word' id='word_1_147' title='bbox 624 2506 671 2583; x_wconf 72' lang='grc' dir='ltr'><strong><em>ἐς.</em></strong></span> 
     </span>
    </p>
   </div>
   <div class='ocr_carea' id='block_1_7' title="bbox 671 2696 723 2758">
    <p class='ocr_par' dir='ltr' id='par_1_8' title="bbox 671 2696 723 2758">
     <span class='ocr_line' id='line_1_21' title="bbox 671 2696 723 2758; baseline 0.038 -2"><span class='ocrx_word' id='word_1_148' title='bbox 671 2696 723 2758; x_wconf 87' lang='grc'><strong><em>46.</em></strong></span> 
     </span>
    </p>
   </div>
   <div class='ocr_carea' id='block_1_8' title="bbox 137 2801 1253 3711">
    <p class='ocr_par' dir='ltr' id='par_1_9' title="bbox 140 2801 1253 3099">
     <span class='ocr_line' id='line_1_22' title="bbox 222 2801 1253 2900; baseline -0.002 -24"><span class='ocrx_word' id='word_1_149' title='bbox 222 2813 317 2876; x_wconf 86' lang='lat' dir='ltr'><strong>Nem.</strong></span> <span class='ocrx_word' id='word_1_150' title='bbox 347 2837 367 2890; x_wconf 84' lang='grc' dir='ltr'><strong><em>ς</em></strong></span> <span class='ocrx_word' id='word_1_151' title='bbox 393 2816 434 2877; x_wconf 85' lang='grc'><strong><em>30</em></strong></span> <span class='ocrx_word' id='word_1_152' title='bbox 466 2813 536 2900; x_wconf 88' lang='lat'>(38)</span> <span class='ocrx_word' id='word_1_153' title='bbox 564 2811 802 2876; x_wconf 74' lang='grc' dir='ltr'><strong><em>Σωκλείδα·</em></strong></span> <span class='ocrx_word' id='word_1_154' title='bbox 840 2801 859 2875; x_wconf 82' lang='grc' dir='ltr'>ὁ</span> <span class='ocrx_word' id='word_1_155' title='bbox 888 2806 924 2874; x_wconf 76' lang='grc' dir='ltr'><strong><em>δὲ</em></strong></span> <span class='ocrx_word' id='word_1_156' title='bbox 956 2811 1147 2894; x_wconf 86' lang='grc' dir='ltr'><strong><em>Δίδυμος</em></strong></span> <span class='ocrx_word' id='word_1_157' title='bbox 1174 2815 1253 2875; x_wconf 89' lang='grc' dir='ltr'><strong><em>Σω-</em></strong></span> 
     </span>
     <span class='ocr_line' id='line_1_23' title="bbox 140 2906 1252 2998; baseline -0.002 -20"><span class='ocrx_word' id='word_1_158' title='bbox 140 2915 221 2996; x_wconf 79' lang='grc' dir='ltr'><strong><em>κλῆς</em></strong></span> <span class='ocrx_word' id='word_1_159' title='bbox 248 2911 316 2978; x_wconf 82' lang='grc' dir='ltr'><strong><em>ἐστι</em></strong></span> <span class='ocrx_word' id='word_1_160' title='bbox 351 2908 387 2979; x_wconf 87' lang='grc' dir='ltr'>τὸ</span> <span class='ocrx_word' id='word_1_161' title='bbox 419 2908 527 2998; x_wconf 84' lang='grc' dir='ltr'><strong><em>ὄνομά</em></strong></span> <span class='ocrx_word' id='word_1_162' title='bbox 556 2932 650 2996; x_wconf 94' lang='grc' dir='ltr'><strong><em>φησι.</em></strong></span> <span class='ocrx_word' id='word_1_163' title='bbox 697 2908 869 2997; x_wconf 79' lang='grc' dir='ltr'><strong><em>παρήγαγε</em></strong></span> <span class='ocrx_word' id='word_1_164' title='bbox 898 2908 935 2975; x_wconf 77' lang='grc' dir='ltr'><strong><em>δὲ</em></strong></span> <span class='ocrx_word' id='word_1_165' title='bbox 963 2906 1045 2976; x_wconf 85' lang='grc' dir='ltr'><strong><em>αὐτὸ</em></strong></span> <span class='ocrx_word' id='word_1_166' title='bbox 1072 2934 1252 2997; x_wconf 86' lang='grc' dir='ltr'><strong><em>πατρωνυ-</em></strong></span> 
     </span>
     <span class='ocr_line' id='line_1_24' title="bbox 140 3009 790 3099; baseline 0 -19"><span class='ocrx_word' id='word_1_167' title='bbox 140 3018 261 3099; x_wconf 80' lang='grc' dir='ltr'><strong><em>μικώς,</em></strong></span> <span class='ocrx_word' id='word_1_168' title='bbox 284 3009 330 3091; x_wconf 85' lang='grc' dir='ltr'><strong><em>ώς</em></strong></span> <span class='ocrx_word' id='word_1_169' title='bbox 352 3017 432 3093; x_wconf 82' lang='grc' dir='ltr'><strong><em>ἔθος</em></strong></span> <span class='ocrx_word' id='word_1_170' title='bbox 454 3015 522 3080; x_wconf 79' lang='grc' dir='ltr'><strong><em>ἐστί</em></strong></span> <span class='ocrx_word' id='word_1_171' title='bbox 540 3026 610 3092; x_wconf 82' lang='grc' dir='ltr'><strong><em>τοῖς</em></strong></span> <span class='ocrx_word' id='word_1_172' title='bbox 628 3026 790 3099; x_wconf 81' lang='grc' dir='ltr'><strong><em>ποιηταῖς.</em></strong></span> 
     </span>
    </p>

    <p class='ocr_par' dir='ltr' id='par_1_10' title="bbox 137 3116 1251 3711">
     <span class='ocr_line' id='line_1_25' title="bbox 225 3116 1250 3206; baseline 0.002 -25"><span class='ocrx_word' id='word_1_173' title='bbox 225 3117 353 3182; x_wconf 85' lang='lat' dir='ltr'><strong>Soclem</strong></span> <span class='ocrx_word' id='word_1_174' title='bbox 371 3119 569 3206; x_wconf 84' lang='lat' dir='ltr'><strong>appellatum</strong></span> <span class='ocrx_word' id='word_1_175' title='bbox 586 3118 657 3183; x_wconf 90' lang='lat' dir='ltr'><strong>vult</strong></span> <span class='ocrx_word' id='word_1_176' title='bbox 671 3120 836 3183; x_wconf 80' lang='lat' dir='ltr'><strong>nescimus</strong></span> <span class='ocrx_word' id='word_1_177' title='bbox 853 3138 917 3204; x_wconf 83' lang='lat' dir='ltr'><strong>que</strong></span> <span class='ocrx_word' id='word_1_178' title='bbox 931 3116 1034 3182; x_wconf 81' lang='lat' dir='ltr'><strong>fretus</strong></span> <span class='ocrx_word' id='word_1_179' title='bbox 1047 3119 1250 3183; x_wconf 80' lang='lat' dir='ltr'><strong>auctoritate.</strong></span> 
     </span>
     <span class='ocr_line' id='line_1_26' title="bbox 140 3218 1250 3307; baseline 0.002 -25"><span class='ocrx_word' id='word_1_180' title='bbox 140 3219 264 3284; x_wconf 84' lang='lat' dir='ltr'><strong>Tamen</strong></span> <span class='ocrx_word' id='word_1_181' title='bbox 292 3228 456 3286; x_wconf 85' lang='lat' dir='ltr'><strong>auctorem</strong></span> <span class='ocrx_word' id='word_1_182' title='bbox 486 3220 527 3284; x_wconf 81' lang='lat' dir='ltr'><strong><em>ab</em></strong></span> <span class='ocrx_word' id='word_1_183' title='bbox 556 3242 594 3285; x_wconf 91' lang='lat' dir='ltr'><strong>eo</strong></span> <span class='ocrx_word' id='word_1_184' title='bbox 615 3221 799 3307; x_wconf 85' lang='lat' dir='ltr'><strong>appositum</strong></span> <span class='ocrx_word' id='word_1_185' title='bbox 818 3218 921 3283; x_wconf 78' lang='lat' dir='ltr'><strong>fuisse</strong></span> <span class='ocrx_word' id='word_1_186' title='bbox 943 3219 1051 3284; x_wconf 88' lang='lat' dir='ltr'><strong>credo.</strong></span> <span class='ocrx_word' id='word_1_187' title='bbox 1096 3219 1250 3286; x_wconf 80' lang='lat' dir='ltr'><strong>Habebat</strong></span> 
     </span>
     <span class='ocr_line' id='line_1_27' title="bbox 139 3316 1248 3407; baseline 0 -22"><span class='ocrx_word' id='word_1_188' title='bbox 139 3323 227 3386; x_wconf 92' lang='lat' dir='ltr'><strong>enim</strong></span> <span class='ocrx_word' id='word_1_189' title='bbox 248 3316 446 3406; x_wconf 80' lang='grc' dir='ltr'><strong><em>ἀναγραφὰς</em></strong></span> <span class='ocrx_word' id='word_1_190' title='bbox 458 3327 687 3407; x_wconf 82' lang='grc' dir='ltr'><strong><em>Νεμεονικών,</em></strong></span> <span class='ocrx_word' id='word_1_191' title='bbox 710 3323 753 3396; x_wconf 85' lang='lat' dir='ltr'><strong><em>cf.</em></strong></span> <span class='ocrx_word' id='word_1_192' title='bbox 770 3321 871 3387; x_wconf 84' lang='lat' dir='ltr'><strong>schol.</strong></span> <span class='ocrx_word' id='word_1_193' title='bbox 887 3322 981 3386; x_wconf 90' lang='lat' dir='ltr'><strong>Nem.</strong></span> <span class='ocrx_word' id='word_1_194' title='bbox 993 3319 1078 3386; x_wconf 92' lang='lat' dir='ltr'>VIII</span> <span class='ocrx_word' id='word_1_195' title='bbox 1094 3325 1108 3385; x_wconf 90' lang='lat'>1</span> <span class='ocrx_word' id='word_1_196' title='bbox 1134 3322 1248 3385; x_wconf 89' lang='lat' dir='ltr'><strong>Isthm.</strong></span> 
     </span>
     <span class='ocr_line' id='line_1_28' title="bbox 139 3424 1251 3513; baseline -0.003 -23"><span class='ocrx_word' id='word_1_197' title='bbox 139 3427 181 3507; x_wconf 90' lang='grc' dir='ltr'><strong><em>γδ</em></strong></span> <span class='ocrx_word' id='word_1_198' title='bbox 198 3427 295 3490; x_wconf 81' lang='lat' dir='ltr'><strong>inser.</strong></span> <span class='ocrx_word' id='word_1_199' title='bbox 340 3426 396 3491; x_wconf 93' lang='lat' dir='ltr'><strong><em>Uti</em></strong></span> <span class='ocrx_word' id='word_1_200' title='bbox 421 3426 483 3492; x_wconf 91' lang='lat' dir='ltr'><strong><em>hoo</em></strong></span> <span class='ocrx_word' id='word_1_201' title='bbox 502 3427 599 3491; x_wconf 85' lang='lat' dir='ltr'><strong>etiam</strong></span> <span class='ocrx_word' id='word_1_202' title='bbox 625 3425 775 3513; x_wconf 80' lang='lat' dir='ltr'><strong>exemplo</strong></span> <span class='ocrx_word' id='word_1_203' title='bbox 793 3424 963 3489; x_wconf 83' lang='lat' dir='ltr'><strong>Nauckius</strong></span> <span class='ocrx_word' id='word_1_204' title='bbox 985 3432 1113 3509; x_wconf 85' lang='lat' dir='ltr'><strong>poterat</strong></span> <span class='ocrx_word' id='word_1_205' title='bbox 1133 3425 1168 3486; x_wconf 94' lang='lat' dir='ltr'><strong><em>in</em></strong></span> <span class='ocrx_word' id='word_1_206' title='bbox 1191 3425 1251 3487; x_wconf 83' lang='lat' dir='ltr'><strong><em>Ar.</em></strong></span> 
     </span>
     <span class='ocr_line' id='line_1_29' title="bbox 137 3522 1251 3612; baseline -0.003 -23"><span class='ocrx_word' id='word_1_207' title='bbox 137 3527 220 3612; x_wconf 85' lang='lat' dir='ltr'><strong>Byz.</strong></span> <span class='ocrx_word' id='word_1_208' title='bbox 249 3550 281 3612; x_wconf 91' lang='lat' dir='ltr'><strong><em>p.</em></strong></span> <span class='ocrx_word' id='word_1_209' title='bbox 312 3531 330 3589; x_wconf 82' lang='lat'><strong>2</strong></span> <span class='ocrx_word' id='word_1_210' title='bbox 357 3530 431 3591; x_wconf 85' lang='lat' dir='ltr'><strong><em>n.3</em></strong></span> <span class='ocrx_word' id='word_1_211' title='bbox 460 3528 499 3591; x_wconf 86' lang='grc' dir='ltr'><strong><em>Τ.</em></strong></span> <span class='ocrx_word' id='word_1_212' title='bbox 523 3527 649 3592; x_wconf 87' lang='lat' dir='ltr'><strong>Hemst.</strong></span> <span class='ocrx_word' id='word_1_213' title='bbox 673 3528 716 3592; x_wconf 80' lang='lat' dir='ltr'><strong><em>ud</em></strong></span> <span class='ocrx_word' id='word_1_214' title='bbox 743 3526 880 3590; x_wconf 85' lang='lat' dir='ltr'><strong>Lucian.</strong></span> <span class='ocrx_word' id='word_1_215' title='bbox 903 3524 987 3588; x_wconf 87' lang='lat' dir='ltr'><strong>Tim.</strong></span> <span class='ocrx_word' id='word_1_216' title='bbox 1010 3545 1042 3609; x_wconf 91' lang='lat' dir='ltr'><strong><em>p.</em></strong></span> <span class='ocrx_word' id='word_1_217' title='bbox 1073 3527 1133 3586; x_wconf 87' lang='lat'><strong><em>157</em></strong></span> <span class='ocrx_word' id='word_1_218' title='bbox 1156 3522 1251 3586; x_wconf 81' lang='lat' dir='ltr'><strong>etad</strong></span> 
     </span>
     <span class='ocr_line' id='line_1_30' title="bbox 142 3622 1251 3711; baseline -0.002 -23"><span class='ocrx_word' id='word_1_219' title='bbox 142 3623 241 3688; x_wconf 84' lang='lat' dir='ltr'><strong>schol.</strong></span> <span class='ocrx_word' id='word_1_220' title='bbox 265 3626 367 3690; x_wconf 80' lang='lat' dir='ltr'><strong>Arist.</strong></span> <span class='ocrx_word' id='word_1_221' title='bbox 399 3626 485 3691; x_wconf 91' lang='lat' dir='ltr'><strong>Plut.</strong></span> <span class='ocrx_word' id='word_1_222' title='bbox 508 3651 540 3692; x_wconf 93' lang='lat' dir='ltr'><strong><em>v.</em></strong></span> <span class='ocrx_word' id='word_1_223' title='bbox 564 3630 626 3691; x_wconf 80' lang='lat'><strong><em>926</em></strong></span> <span class='ocrx_word' id='word_1_224' title='bbox 654 3629 720 3693; x_wconf 91' lang='lat' dir='ltr'><strong>vol.</strong></span> <span class='ocrx_word' id='word_1_225' title='bbox 742 3628 759 3689; x_wconf 94' lang='lat' dir='ltr'>I</span> <span class='ocrx_word' id='word_1_226' title='bbox 780 3648 811 3711; x_wconf 91' lang='lat' dir='ltr'><strong><em>p.</em></strong></span> <span class='ocrx_word' id='word_1_227' title='bbox 835 3624 999 3688; x_wconf 77' lang='lat' dir='ltr'><strong>281Ddf.</strong></span> <span class='ocrx_word' id='word_1_228' title='bbox 1024 3622 1186 3687; x_wconf 83' lang='lat' dir='ltr'><strong>Gerhard.</strong></span> <span class='ocrx_word' id='word_1_229' title='bbox 1211 3622 1251 3687; x_wconf 91' lang='lat' dir='ltr'><strong>de</strong></span> 
     </span>
    </p>
   </div>
   <div class='ocr_carea' id='block_1_9' title="bbox 139 3724 710 3870">
    <p class='ocr_par' dir='ltr' id='par_1_11' title="bbox 139 3724 710 3870">
     <span class='ocr_line' id='line_1_31' title="bbox 139 3724 710 3870; baseline 0.002 -82"><span class='ocrx_word' id='word_1_230' title='bbox 139 3724 330 3788; x_wconf 79' lang='lat' dir='ltr'><strong>Aristarcho</strong></span> <span class='ocrx_word' id='word_1_231' title='bbox 352 3748 384 3812; x_wconf 90' lang='lat' dir='ltr'><strong><em>p.</em></strong></span> <span class='ocrx_word' id='word_1_232' title='bbox 406 3726 465 3789; x_wconf 92' lang='lat' dir='ltr'><strong><em>VI.</em></strong></span> <span class='ocrx_word' id='word_1_233' title='bbox 669 3812 710 3870; x_wconf 66' lang='grc'><strong><em>47</em></strong></span> 
     </span>
    </p>
   </div>
   <div class='ocr_carea' id='block_1_10' title="bbox 138 3915 1255 4419">
    <p class='ocr_par' dir='ltr' id='par_1_12' title="bbox 138 3915 1255 4419">
     <span class='ocr_line' id='line_1_32' title="bbox 225 3915 1255 4011; baseline -0.001 -25"><span class='ocrx_word' id='word_1_234' title='bbox 225 3921 270 3988; x_wconf 90' lang='lat' dir='ltr'><strong><em>ib.</em></strong></span> <span class='ocrx_word' id='word_1_235' title='bbox 295 3925 335 3988; x_wconf 83' lang='lat'><strong><em>53</em></strong></span> <span class='ocrx_word' id='word_1_236' title='bbox 360 3947 393 4011; x_wconf 92' lang='lat' dir='ltr'><strong><em>p.</em></strong></span> <span class='ocrx_word' id='word_1_237' title='bbox 421 3928 482 3988; x_wconf 81' lang='lat'><strong><em>470</em></strong></span> <span class='ocrx_word' id='word_1_238' title='bbox 509 3924 794 3990; x_wconf 89' lang='grc' dir='ltr'><strong><em>Βασσίδαισιν</em></strong></span> <span class='ocrx_word' id='word_1_239' title='bbox 826 3916 888 3986; x_wconf 78' lang='grc' dir='ltr'><strong><em>ἅτ’</em></strong></span> <span class='ocrx_word' id='word_1_240' title='bbox 916 3916 963 3985; x_wconf 90' lang='grc' dir='ltr'><strong><em>ού</em></strong></span> <span class='ocrx_word' id='word_1_241' title='bbox 992 3923 1204 3998; x_wconf 82' lang='grc' dir='ltr'><strong><em>σπανίζει·</em></strong></span> <span class='ocrx_word' id='word_1_242' title='bbox 1236 3915 1255 3985; x_wconf 86' lang='grc' dir='ltr'>ὁ</span> 
     </span>
     <span class='ocr_line' id='line_1_33' title="bbox 139 4018 1252 4110; baseline -0.005 -18"><span class='ocrx_word' id='word_1_243' title='bbox 139 4023 330 4109; x_wconf 88' lang='grc' dir='ltr'><strong><em>Δίδυμός</em></strong></span> <span class='ocrx_word' id='word_1_244' title='bbox 360 4044 460 4109; x_wconf 91' lang='grc' dir='ltr'><strong><em>φησι·</em></strong></span> <span class='ocrx_word' id='word_1_245' title='bbox 489 4023 650 4109; x_wconf 83' lang='grc' dir='ltr'><strong><em>προσήκει</em></strong></span> <span class='ocrx_word' id='word_1_246' title='bbox 682 4018 827 4105; x_wconf 78' lang='grc' dir='ltr'><strong><em>γράφειν</em></strong></span> <span class='ocrx_word' id='word_1_247' title='bbox 847 4024 1109 4110; x_wconf 86' lang='grc' dir='ltr'><strong><em>Βουδίδαι(σιν).</em></strong></span> <span class='ocrx_word' id='word_1_248' title='bbox 1154 4024 1252 4106; x_wconf 84' lang='grc' dir='ltr'><strong><em>γενέ-</em></strong></span> 
     </span>
     <span class='ocr_line' id='line_1_34' title="bbox 139 4113 1251 4210; baseline -0.003 -19"><span class='ocrx_word' id='word_1_249' title='bbox 139 4133 221 4192; x_wconf 78' lang='grc' dir='ltr'><strong><em>σθαι</em></strong></span> <span class='ocrx_word' id='word_1_250' title='bbox 251 4124 316 4209; x_wconf 91' lang='grc' dir='ltr'><strong><em>γάρ</em></strong></span> <span class='ocrx_word' id='word_1_251' title='bbox 345 4150 420 4190; x_wconf 88' lang='grc' dir='ltr'><strong><em>τινα</em></strong></span> <span class='ocrx_word' id='word_1_252' title='bbox 446 4127 624 4193; x_wconf 88' lang='grc' dir='ltr'><strong><em>Βουδίωνα</em></strong></span> <span class='ocrx_word' id='word_1_253' title='bbox 652 4124 690 4189; x_wconf 80' lang='grc' dir='ltr'><strong><em>ἐν</em></strong></span> <span class='ocrx_word' id='word_1_254' title='bbox 717 4125 854 4210; x_wconf 79' lang='grc' dir='ltr'><strong><em>Αἰγίνη,</em></strong></span> <span class='ocrx_word' id='word_1_255' title='bbox 883 4118 947 4207; x_wconf 77' lang='grc' dir='ltr'><strong><em>ἀφ’</em></strong></span> <span class='ocrx_word' id='word_1_256' title='bbox 977 4113 1020 4188; x_wconf 85' lang='grc' dir='ltr'><strong><em>ού</em></strong></span> <span class='ocrx_word' id='word_1_257' title='bbox 1047 4120 1251 4205; x_wconf 81' lang='grc' dir='ltr'><strong><em>κατάγεσθαι</em></strong></span> 
     </span>
     <span class='ocr_line' id='line_1_35' title="bbox 139 4223 1250 4312; baseline -0.005 -19"><span class='ocrx_word' id='word_1_258' title='bbox 139 4226 260 4312; x_wconf 82' lang='grc' dir='ltr'><strong><em>γενεὰν</em></strong></span> <span class='ocrx_word' id='word_1_259' title='bbox 287 4224 351 4312; x_wconf 78' lang='grc' dir='ltr'><strong><em>την</em></strong></span> <span class='ocrx_word' id='word_1_260' title='bbox 378 4231 568 4294; x_wconf 83' lang='grc' dir='ltr'><strong><em>Βουδιδών.</em></strong></span> <span class='ocrx_word' id='word_1_261' title='bbox 618 4223 846 4311; x_wconf 83' lang='grc' dir='ltr'><strong><em>μνημονεύειν</em></strong></span> <span class='ocrx_word' id='word_1_262' title='bbox 881 4226 921 4290; x_wconf 80' lang='grc' dir='ltr'><strong><em>δέ</em></strong></span> <span class='ocrx_word' id='word_1_263' title='bbox 947 4241 1031 4307; x_wconf 90' lang='grc' dir='ltr'><strong><em>φασι</em></strong></span> <span class='ocrx_word' id='word_1_264' title='bbox 1057 4226 1250 4301; x_wconf 88' lang='grc' dir='ltr'><strong><em>Βουδίωνος</em></strong></span> 
     </span>
     <span class='ocr_line' id='line_1_36' title="bbox 138 4321 1249 4419; baseline -0.004 -23"><span class='ocrx_word' id='word_1_265' title='bbox 138 4333 356 4396; x_wconf 80' lang='grc' dir='ltr'><strong><em>Πυδαίνετον</em></strong></span> <span class='ocrx_word' id='word_1_266' title='bbox 384 4330 422 4395; x_wconf 78' lang='grc' dir='ltr'><strong><em>ἐν</em></strong></span> <span class='ocrx_word' id='word_1_267' title='bbox 450 4328 572 4419; x_wconf 82' lang='grc' dir='ltr'><strong><em>πρώτφ</em></strong></span> <span class='ocrx_word' id='word_1_268' title='bbox 592 4331 820 4413; x_wconf 78' lang='grc' dir='ltr'><strong><em>Αἰγινητικών</em></strong></span> <span class='ocrx_word' id='word_1_269' title='bbox 841 4323 1016 4414; x_wconf 88' lang='grc' dir='ltr'><strong><em>γράφοντα</em></strong></span> <span class='ocrx_word' id='word_1_270' title='bbox 1034 4321 1124 4393; x_wconf 82' lang='grc' dir='ltr'><strong><em>οὕτω</em></strong></span> <span class='ocrx_word' id='word_1_271' title='bbox 1155 4326 1249 4410; x_wconf 57' lang='grc' dir='ltr'><strong><em>εντερλ</em></strong></span> 
     </span>
    </p>
   </div>
   <div class='ocr_carea' id='block_1_11' title="bbox 0 0 1486 5024">
    <p class='ocr_par' dir='ltr' id='par_1_13' title="bbox 0 0 1486 5024">
     <span class='ocr_line' id='line_1_37' title="bbox 0 0 1486 5024; baseline 0 0"><span class='ocrx_word' id='word_1_272' title='bbox 0 0 1486 5024; x_wconf 95' lang='lat' dir='ltr'><strong><em> </em></strong></span> 
     </span>
    </p>
   </div>
  </div>
 </body>
</html>
