2962 5018
208 316 271 423 aas

208 527 303 590 iuxta
324 546 399 589 cum
419 525 459 589 Ο.
476 523 675 588 Schneidero
696 523 793 587 nimis
814 519 991 587 honorifice
1013 521 1202 598 sentiamus,
1225 529 1325 607 atquc

209 626 298 690 haud
327 626 394 689 scio
423 646 466 689 an
495 625 681 713 Symmachi
713 646 812 711 opera
839 620 1090 708 Aristophaneis
1120 621 1241 686 fabulis
1268 645 1324 686 na·

210 737 304 808 vata,
334 750 400 791 non
429 729 560 793 maioris
581 725 802 808 aestimanda,
832 744 929 811 quam
951 724 1005 787 Pii
1032 723 1217 788 Alexandri
1244 724 1325 788 Dio-

210 829 299 915 nysii
329 829 470 894 Cratetis
499 827 647 893 Euclidis
668 827 818 892 Marcelli
845 825 970 890 Zosimi
995 824 1142 911 Asclepii
1174 824 1324 909 aliorum,

212 932 343 995 omnino
361 933 395 994 iu
417 951 455 994 eo
476 929 667 1012 substiterit,
690 937 726 993 ut
740 928 878 1014 Didymi
898 928 1148 992 commentarios
1171 936 1326 992 retracta·

210 1042 261 1097 tos
289 1041 530 1120 perpetuaeque
557 1031 651 1117 quasi
680 1050 838 1094 censurae
866 1030 1029 1094 subiectos
1052 1031 1176 1116 passim
1198 1030 1326 1095 adsutis

211 1133 442 1199 additamentis
473 1142 625 1215 augeret,
656 1140 692 1194 ut
712 1130 806 1194 Ach.
840 1135 912 1194 471.
957 1130 1106 1217 Namque
1135 1131 1197 1196 hoc
1226 1133 1326 1195 etiam

211 1235 350 1301 calidius
380 1236 518 1319 sumpsit
542 1230 778 1315 Schneidcrus,
811 1230 962 1297 omnibus
994 1231 1106 1296 scholl.
1137 1232 1235 1315 locis,
1266 1231 1326 1296 ubi

213 1334 427 1423 Symmachus
450 1333 546 1397 alteri
567 1331 666 1395 alicui
688 1332 892 1419 obloquatur,
914 1333 1139 1397 adversarium
1158 1334 1255 1397 istum
1278 1334 1326 1396 in·

211 1436 433 1522 tellegcndum
455 1435 636 1520 Didymum
659 1454 742 1496 esse.
773 1433 819 1496 Ut
840 1436 941 1518 igitur
962 1455 1028 1499 uno
1051 1435 1196 1499 alterove
1217 1457 1327 1499 exem-

212 1538 267 1625 plo
287 1545 371 1619 utar,
393 1535 495 1600 schol.
509 1535 594 1621 qu.
613 1535 704 1596 1143.
720 1535 760 1597 23
783 1530 995 1616 βρύλλων·
1018 1532 1268 1619 ἐξαπατώμενος
1285 1574 1328 1588 -·

213 1638 395 1722 Σύμμαχος
428 1637 464 1701 δὲ
493 1630 672 1700 ὑποπίνων
701 1632 766 1699 κτὲ.
816 1635 959 1721 priorem
988 1636 1238 1722 explicationem
1266 1639 1326 1702 Di·

212 1740 304 1827 dymi
325 1761 392 1804 non
413 1761 484 1803 esse
496 1736 682 1823 Hesychius
704 1738 897 1821 βρυλλοῖν
917 1738 1013 1822 (sic)·
1037 1730 1214 1801 ὑποπίνων
1236 1741 1327 1804 eviu-

213 1843 267 1905 cit.
297 1841 390 1905 Idem
410 1841 499 1904 valet
520 1841 561 1904 de
581 1837 690 1902 Nubb.
717 1839 778 1901 862
800 1837 879 1901 Hes.
902 1830 1027 1921 ἁμαξίς.
1062 1838 1214 1903 Ceterum
1233 1838 1328 1926 Sym·

213 1941 357 2023 machus,
376 1941 536 2028 siquidem
553 1939 778 2004 Alexandrum
801 1962 883 2021 eum,
907 1960 1002 2025 quem
1025 1949 1205 2004 antestatur
1224 1940 1326 2006 schol.

213 2044 318 2107 Rann.
342 2045 419 2123 864,
443 2041 680 2127 Cotyaeensem
702 2040 871 2126 Euripidis
903 2041 1112 2126 interpretem
1134 2064 1206 2107 esse
1238 2052 1328 2107 recte

213 2144 427 2225 coniecimus,
460 2150 535 2227 post
567 2148 713 2225 tempora
744 2139 788 2203 M.
818 2142 976 2205 Antonini
1010 2142 1194 2229 philosophi
1226 2144 1328 2208 fuerit

213 2254 349 2332 oportet.
395 2243 449 2309 Ab
474 2241 535 2306 hoe
563 2242 664 2326 igitur
687 2241 805 2305 Galeni
827 2241 1008 2307 Herodiani
1030 2242 1209 2331 Phrynichi
1237 2245 1327 2310 locos

212 2347 377 2434 appositos
407 2366 478 2410 esse
508 2344 666 2430 suspicor.
712 2341 826 2407 Tacite
859 2344 959 2429 igitur
992 2342 1205 2430 Symmachus
1236 2347 1327 2434 ipsas
1362 2403 1376 2431 „

212 2448 351 2535 Didymi
370 2447 605 2534 explicationes
627 2468 685 2531 pro
708 2444 776 2507 suis
799 2444 955 2509 venditat.

297 2549 444 2615 Transeo
472 2571 559 2612 nunc
591 2547 633 2611 ad
657 2544 859 2609 lustrandam
882 2557 1052 2632 poetarum
1075 2570 1247 2636 rerumque
1270 2571 1326 2614 au-

212 2662 338 2718 ctorum
370 2654 405 2715 in
438 2648 570 2713 scholiis
601 2647 824 2734 appositorum
854 2646 1037 2730 cohortem,
1079 2651 1172 2714 cuius
1203 2651 1327 2737 singuli

211 2752 370 2838 manipuli
397 2752 467 2815 eius
497 2748 622 2813 ordinis
649 2769 687 2811 ac
715 2748 811 2833 pretii
841 2756 931 2830 suut,
965 2757 1001 2812 ut
1026 2748 1187 2814 delectum
1213 2774 1327 2818 eorum

210 2853 365 2918 habuisse
386 2874 471 2917 unus
494 2850 658 2936 Didymus
680 2849 787 2913 videri
809 2851 924 2935 possit.
969 2851 1020 2915 Ac
1043 2855 1234 2938 saepissime
1257 2857 1327 2941 qui-

211 2957 284 3021 dem
306 2955 509 3019 advocantur
537 2973 554 3015 e
577 2953 683 3038 poetis
702 2951 951 3039 oratoribusque
973 2955 1011 3035 ii,
1031 2976 1112 3041 quos
1131 2967 1326 3023 commenta·

209 3059 269 3122 riis
292 3056 476 3120 illustrasse
495 3052 676 3138 Didymum
698 3062 834 3136 constat,
858 3056 942 3140 epici
964 3055 1127 3120 Homerus
1146 3057 1327 3124 Hesiodus-

210 3180 287 3246 que,
317 3179 334 3219 e
357 3164 481 3241 septem
504 3154 616 3240 lyricis
641 3155 804 3220 Pindarus
825 3166 858 3220 et
880 3156 1114 3244 Bacchylides,
1136 3161 1327 3244 tragoediae

210 3261 309 3324 etiam
334 3257 481 3322 Graecae
514 3257 678 3343 principes
712 3268 797 3339 tres,
826 3268 857 3321 et
881 3281 898 3322 e
922 3261 1057 3344 tragicis
1085 3261 1266 3326 minoribus
1288 3263 1326 3328 Ιο

210 3371 242 3427 et
271 3360 439 3441 Achaeus,
475 3359 593 3424 deiude
623 3358 829 3446 Phrynichus
860 3360 1017 3447 ‘Eupolis
1051 3371 1149 3449 atque
1172 3363 1325 3430 Cratinus

209 3461 512 3549 Aristophanesque
533 3468 665 3547 poetae'
690 3470 722 3524 et
734 3462 914 3527 Menander
933 3485 1038 3528 novae
1061 3464 1249 3530 comoediae
1272 3467 1326 3531 de·

210 3588 278 3648 cus,
302 3562 548 3629 exoratoribus
571 3562 712 3650 denique
734 3564 985 3630 Demosthenes.
1020 3565 1093 3646 Quo
1113 3589 1191 3631 vero
1212 3567 1326 3632 diluci·

210 3668 283 3733 dius
304 3675 450 3753 patescat
470 3666 614 3752 reliquos
637 3687 744 3730 rerum
766 3676 915 3731 auctores
935 3669 1044 3732 varios
1068 3669 1102 3731 in
1125 3667 1176 3732 his
1193 3668 1327 3736 scholiis

208 3768 372 3835 adhibitos
405 3790 477 3832 esse
506 3767 652 3850 cosdem,
688 3791 769 3855 quos
793 3768 863 3831 fere
894 3769 1141 3853 eDiogeniano
1166 3770 1326 3856 Hesychii

209 3870 406 3956 scholiisque
436 3869 478 3933 ad
503 3867 683 3932 Homerum
706 3869 885 3934 Pindarum
905 3868 1099 3953 Sophoclem
1119 3871 1327 3958 Euripidem-

208 3994 271 4058 que
299 3971 507 4057 comportatis
538 3975 758 4055 protraxeris,
789 3994 830 4035 en
848 3971 909 4035 tibi
929 3972 1123 4057 scriptorum
1145 3972 1327 4038 indiculum

208 4071 404 4155 subiungam
427 4069 595 4133 literarum
618 4070 727 4134 ordini
749 4093 786 4135 eo
805 4070 942 4136 consilio
963 4071 1179 4156 adscriptum,
1201 4082 1239 4136 ut
1259 4074 1325 4136 sin·

206 4171 293 4255 gulis
317 4169 504 4236 nominibus
529 4191 641 4234 eorum
670 4171 866 4242 scholiorum
898 4172 983 4258 sigla
1011 4171 1208 4255 adlicerem,
1238 4196 1324 4260 quae

205 4271 322 4338 iisdem
353 4272 492 4337 testibus
524 4280 634 4336 essent
665 4275 850 4360 conspicua.
905 4272 1045 4338 Andro
1073 4272 1187 4338 scholl.
1222 4273 1323 4341 Hom.
