2948 5024
590 416 783 476 -Ε-
1179 414 1239 476 127

213 590 288 651 627.
325 579 635 666 ἐπεσσύμενον·
667 573 877 664 Ἀρίσταρχος
902 574 958 643 διά
981 581 1044 644 τοῦ
1064 604 1084 643 α
1107 574 1240 644 ἀπεσ-

128 689 334 774 σύμενον,
357 680 499 750 άπιόυτα
522 680 583 748 τόν
601 683 755 766 Πείρωα·
775 680 813 746 ἐν
832 681 868 746 δὲ
890 685 930 768 τή
952 678 1046 768 ἑτέρᾳ
1066 680 1242 748 ἐπεσσύ-

128 815 278 877 μενος,
303 791 359 855 ἵνα
381 786 433 852 ἐπὶ
457 788 519 851 τού
541 779 692 861 Θόαντος
712 784 851 867 λέγεται.
884 777 1008 860 άτοπος
1026 783 1061 849 δέ
1085 784 1199 853 τέλεον
1220 780 1240 869 ἡ

127 892 299 979 φερομένη
321 884 626 973 ἐπεσσύμενον,
644 887 685 952 A.

662 1066 703 1135 Ε.

213 1202 264 1263 60.
297 1195 446 1263 πάντα·
470 1193 513 1260 ἐν
527 1197 568 1281 τῇ
588 1190 683 1282 ἑτέρᾳ
704 1195 774 1259 τῶν
792 1185 1009 1278 Ἀριστάρχου
1032 1191 1175 1262 πολλά.
1197 1198 1250 1288 Α.-

208 1304 261 1365 64.
282 1293 331 1387 ήδ
339 1324 376 1384 η·
400 1292 509 1374 οὕτως
521 1290 731 1381 Ἀρίσταρχος
753 1289 808 1360 διά
830 1299 891 1359 τοῦ
911 1321 933 1380 η
951 1289 1027 1383 ήδη.
1049 1298 1091 1362 A.

214 1403 285 1466 132.
315 1398 388 1486 τήν
409 1393 443 1484 χ’
463 1392 648 1482 ούτάμεν
673 1437 710 1447 -—
735 1398 835 1480 διχῶς
853 1391 1084 1483 Ἀρίσταρχος,
1102 1400 1157 1465 καί
1178 1396 1241 1466 οὕ-

125 1525 190 1579 τως
209 1498 286 1586 τήν
307 1496 342 1586 χ’
366 1495 571 1584 ούτάμεν,
594 1499 650 1565 καί
668 1500 771 1584 χωρίς
790 1500 852 1562 τού
873 1497 913 1581 χέ
931 1492 993 1582 τήν
1015 1493 1173 1586 ούτάμεν.
1196 1505 1238 1569 Α.

190 1607 259 1669 136.
298 1602 395 1670 ἕλεν
417 1601 556 1687 μένος·
586 1606 792 1685 Πτολεμαῖος
809 1593 828 1665 δ
849 1602 911 1664 τού
931 1593 1117 1684 Ὀροάυδου
1135 1602 1173 1668 ἐν
1194 1608 1242 1693 τῷ

126 1702 274 1789 περὶτῆς
291 1699 490 1783 ὁπλοποιίας
508 1698 564 1769 διά
579 1707 642 1768 τού
662 1727 681 1787 χ
701 1701 907 1787 προφέρεται
925 1704 1020 1785 έχευ
1040 1703 1174 1787 μένος.
1197 1708 1239 1772 Α.

215 1809 286 1873 181.
334 1807 513 1892 Τυδείδη
539 1829 624 1889 μιν·
652 1800 863 1890 Ἀρίσταρχος
889 1806 989 1888 διχῶς
1015 1805 1071 1871 καί
1091 1811 1164 1891 μίν
1185 1809 1241 1875 καί

126 1912 175 1994 με’
181 1933 218 1994 ν,
245 1910 390 1996 Τυδείδη
408 1934 468 1994 μιν
485 1902 560 1993 ἔχω’.
585 1910 625 1972 A.

213 2012 286 2076 227.
318 2012 458 2079 ίππωυ
484 2005 761 2096 άποβήσομαι·
791 2002 1002 2094 Ἀρίσταρχος
1027 2003 1239 2098 ἀποβήσομαι

125 2113 241 2177 ἳππων
268 2108 306 2177 δέ
329 2115 412 2231 ἔφη,
443 2105 518 2179 οίον
536 2116 593 2196 τής
613 2115 681 2176 τῶν
702 2113 816 2177 ἵππων
847 2112 1043 2196 φροντίδος·
1065 2113 1239 2201 ἐπιφέρει

125 2215 245 2296 χοῶν
254 2208 291 2298 ήέ
317 2211 362 2279 σύ
384 2211 484 2281 τόνδε
503 2215 634 2298 δέδεξο,
667 2207 729 2279 τόν
749 2209 917 2300 Διομήδη.
958 2215 1181 2300 Ζηνοδότειος
1202 2220 1240 2285 δέ

127 2309 224 2400 ήδιά
245 2319 307 2381 τού
329 2339 345 2382 ε
368 2313 578 2403 ἐπιβήσομαι.
609 2316 651 2380 A.

210 2420 283 2484 231.
306 2414 500 2485 εἰωθότι
526 2413 634 2536 οὕτως
659 2415 833 2483 εἰωθότι
854 2376 1066 2503 Ἀρίσταρχος
1086 2424 1141 2487 καί
1165 2440 1242 2507 σχε-

127 2514 235 2584 δόν”
213 2543 376 2601 απαντες
410 2523 539 2606 μᾶλλον
562 2515 626 2603 γάρ
649 2536 754 2604 φησιν
775 2513 844 2584 ύπδ
867 2524 914 2607 τῷ
935 2517 1034 2586 ἐθάδι
1056 2522 1112 2588 καί
1134 2520 1241 2607 συνή-

127 2628 185 2685 θει
210 2615 336 2712 ήνιόχφ
367 2628 475 2689 οίσειυ
507 2617 586 2697 τοὺς
613 2621 740 2697 ἵππους
764 2617 801 2684 τό
828 2614 929 2705 άρμα.
970 2618 1084 2688 ιιαί
1048 2647 1111 2707 την
1132 2627 1242 2689 αἰτίαν

129 2722 279 2808 ἐπιφέρει
302 2723 367 2811 *μή
390 2720 437 2790 τῶ
457 2722 520 2809 μὲν
539 2762 582 2771 -
605 2713 805 2800 ποθέοντες’
825 2721 891 2786 κτὲ.
920 2724 961 2787 A.

194 2826 265 2892 249.
299 2822 408 2905 ούτως
425 2821 637 2910 Ἀρίσταρχος
665 2817 728 2908 ἐφ’
748 2823 907 2908 ἳππων,
938 2819 984 2904 ῶς
1003 2829 1034 2892 εί
1052 2826 1167 2911 ἔλεγεν
1187 2825 1242 2895 ἐπ’

129 2919 285 3009 Ἀθηνῶν
306 2921 380 2996 άντδ
401 2933 462 2993 τού
481 2922 535 2993 ἐπ’
555 2922 701 3010 Ἀθήνας
722 2931 792 2992 ατί..
816 2930 858 2993 A.

210 3029 283 3094 263.
308 3030 362 3097 cf.
381 3030 524 3095 Duentz.
540 3027 664 3095 Zenod.
680 3051 712 3116 p.
727 3031 756 3112 3,
772 3032 857 3095 12-οι
874 3030 997 3096 Friedl.
1010 3033 1156 3098 Ariston.
1173 3033 1205 3099 h.
1219 3035 1240 3100 l.

213 3131 286 3196 272.
309 3129 515 3216 μήστωρε·
540 3125 649 3210 οὕτως
663 3126 874 3217 Ἀρίσταρχος
891 3129 1080 3220 μήστωρε
1098 3137 1239 3216 δυιιιῶς·

131 3230 186 3296 ἐπί
209 3226 273 3315 γάρ
296 3237 365 3299 τῶν
380 3234 505 3299 ίππων.
528 3237 569 3300 A.

104 3336 110 3344 ’
213 3336 285 3398 263.
319 3329 429 3413 ούτως
447 3330 658 3420 Ἀρίσταρχος
680 3334 879 3421 ἐξελύθη·
903 3332 997 3405 ἄλλοι
1020 3339 1057 3407 δέ
1079 3341 1240 3429 (Zenodo-

127 3443 180 3498 tus
205 3444 288 3502 teste
309 3436 364 3525 L.)
388 3435 582 3524 ἐξεσύθη.
606 3441 648 3503 A.
688 3438 819 3506 Abhinc
840 3439 959 3505 lacuna
981 3443 1015 3504 in
1035 3444 1108 3508 cod.
1130 3445 1172 3508 A.

214 3535 298 3624 [463.
318 3532 368 3624 όβ
376 3539 580 3626 ριμοεργό
588 3566 620 3625 ς,
639 3534 852 3625 Ἀρίσταρχος
873 3537 1102 3625 αίσυλοερχός.
1126 3543 1210 3631 LV.]

215 3637 301 3725 [416.
324 3632 345 3724 ή
360 3634 577 3728 Ἀριστάρχου
591 3640 721 3725 ἑνικῶς,
740 3637 967 3727 ήΖηνοδότου
982 3647 1138 3727 χερσίν.
1153 3644 1238 3732 LV.]

214 3739 299 3827 [425.
317 3780 360 3789 -
379 3739 478 3810 τδδέ
462 3741 758 3829 ἐαατεμύξατό
781 3762 864 3863 φησι
888 3745 943 3809 διὰ
967 3749 1077 3808 τούα.
1097 3745 1179 3833 BL]

213 3841 298 3929 [443.
318 3839 528 3927 Ἀρίσταρχος
550 3841 732 3926 τυτθόν,
754 3839 797 3909 ού
819 3843 982 3911 πολλόν
1000 3845 1052 3935 L]

213 3943 297 4042 [461.
335 3948 496 4029 Τρωίας
520 3941 650 4012 δέί
583 3949 650 4011 στί
654 3966 739 4030 χας
773 3944 810 4010 ἐν
831 3948 872 4031 τῇ
894 3951 1073 4071 Σινωπιαή
1092 3947 1148 4013 καί
1167 3954 1241 4015 Κν-

129 4046 211 4130 πρίηι
239 4031 295 4110 καί
313 4041 514 4132 Ἀντιμάχου
539 4050 669 4133 Τρωΐας
691 4041 756 4130 εἶχε
776 4043 857 4112 σύν
864 4051 911 4135 τῷ
930 4073 953 4132 ι,
973 4040 1035 4125 ῶς·
1057 4049 1182 4125 ίππους
1203 4048 1241 4113 δὲ

76 4218 80 4224 ,
134 4148 367 4229 Τρωΐονςᾶ-
325 4148 473 4238 -.LV]

217 4249 302 4336 [466.
323 4262 540 4336 ποιητοῖσι
562 4251 600 4318 δὲ
618 4247 838 4336 Ἀρίσταρχος,
861 4250 1050 4336 Ζηνόδοτος
1070 4251 1107 4316 δέ
1123 4273 1240 4336 ποιη-

129 4352 233 4435 τῇσι.
255 4351 339 4440 LV.]
