2948 5024
1192 418 1248 477 111

139 584 192 655 άεὶ
213 581 281 653 τιν’
303 589 350 665 εἰς
373 585 410 675 (l.
434 584 567 668 τείνεις)
596 585 683 668 βίον.
728 580 927 647 Scholsol.
951 581 982 644 V
1002 604 1034 668 p.
1059 584 1119 644 377
1145 579 1183 648 sd
1213 583 1250 650 δὲ

139 686 205 757 det
226 684 416 772 Εὐριπίδης
438 685 491 751 ἐπὶ
514 683 641 769 χρόνον
660 679 786 768 τάσσει,
808 678 882 748 ἀντὶ
902 686 965 748 τοῦ
985 681 1047 760 ἕως
1061 688 1123 749 τοῦ
1137 686 1250 769 δεῦρο.
1272 759 1287 782 ⁸

141 793 193 857 Of.
217 791 418 856 Bachmann.
442 809 559 875 synag.
581 791 631 870 33,
656 791 707 851 30.
732 785 814 851 Cum
837 784 898 849 hac
916 782 1147 850 'observatione
1167 809 1251 852 com-

140 917 234 983 pares
268 891 367 958 velim
396 890 533 954 alteram
561 910 664 976 aeque
695 888 838 970 futilem,
868 894 1031 950 vetustam
1060 895 1170 951 tamen
1199 910 1251 976 ap.

143 996 242 1061 schol.
270 995 330 1058 La.
355 990 506 1078 Sophoel.
531 990 571 1055 Ο.
598 990 636 1055 Θ.
664 992 745 1055 1584
770 1013 803 1076 p.
827 992 868 1053 62
898 998 930 1052 et
951 1008 1003 1075 ap.
1031 985 1131 1051 schol.
1154 989 1250 1056 Hom.

142 1096 181 1159 Il.
204 1099 240 1159 N
258 1100 318 1158 517
341 1093 407 1158 vol.
429 1093 464 1156 II
485 1116 517 1180 p.
542 1095 603 1156 374
626 1091 735 1173 Bekk.

226 1196 282 1259 Or.
321 1198 382 1259 373
420 1195 500 1259 Hes.
534 1195 551 1257 l
583 1197 646 1259 652
684 1190 878 1277 ἀφύλλου
918 1186 1137 1273 στόματος·
1168 1187 1252 1260 άνευ

141 1298 317 1381 ἱκετηρίας.
362 1291 549 1380 Εὐριπίδης
564 1291 708 1382 Ὀρέστῃ.
753 1295 805 1361 cf.
832 1293 934 1358 schol.
965 1293 1030 1359 vol.
1054 1293 1103 1358 IV
1124 1321 1156 1384 p.
1180 1299 1252 1379 347,

140 1399 196 1463 ubi
223 1400 330 1486 ipsum
356 1392 535 1463 illuddvst
564 1402 627 1464 τοῦ
654 1391 738 1463 ἄνευ
767 1397 933 1480 ἱκετηρίας
958 1396 1088 1460 uncinis
1121 1397 1253 1463 inclusit

139 1501 347 1565 Matthiaeus.
371 1498 411 1564 In
432 1501 547 1566 eodem
569 1498 693 1565 scholio
715 1497 869 1564 laudatur
882 1497 1006 1562 Achaei
1028 1519 1071 1563 ex
1081 1499 1250 1565 Azanibus

140 1604 246 1687 loeus,
269 1627 366 1692 quem
386 1613 516 1690 poetam
537 1603 701 1690 Didymus
723 1603 953 1689 interpretatus
976 1608 1035 1664 est.

224 1706 301 1770 Tro.
329 1709 409 1770 1303
443 1698 604 1788 dynasta
636 1704 716 1767 Hes.
749 1703 766 1767 I
800 1706 839 1766 79
875 1697 1060 1787 Εὐριπίδης
1091 1702 1128 1767 δὲ
1163 1708 1252 1786 Tpa-

140 1803 196 1872 άσι
219 1804 378 1892 πόλεμον.
411 1807 489 1872 Tro.
512 1809 584 1871 384.
616 1809 696 1869 1177
718 1801 836 1888 αἰσχρά
858 1803 977 1869 Hes.I
1013 1809 1073 1868 175
1106 1804 1251 1890 μυσαρά,

46 1946 49 1952 -
139 1907 237 1991 κακά,
270 1903 459 1992 Εὐριπίδης
483 1904 649 1990 Τρωάσιν.
694 1908 764 1972 Hos
796 1907 838 1971 ad
873 1909 961 1972 locos
985 1905 1146 1972 Vaticana
1178 1909 1251 1973 eod.

139 2016 201 2074 999
224 1996 349 2075 scholia
367 2007 448 2073 nihil
476 2009 642 2074 adnotant.
685 2008 750 2074 Sed
772 2009 852 2073 Hes.
887 2011 903 2072 I
939 2013 997 2074 183
1030 2003 1181 2085 άιιανός
1209 2047 1251 2058 -

139 2112 208 2177 ἐστὶ
232 2111 269 2177 dl
291 2111 347 2176 καὶ
372 2103 393 2195 ἡ
415 2106 508 2196 ῥάχις
533 2114 602 2175 τῶν
624 2111 830 2195 σφονδύλων
851 2117 913 2178 τοῦ
939 2110 1075 2197 ἰχθύος·
1106 2105 1252 2194 Εὐριπί-

141 2215 202 2297 δης
225 2212 381 2298 Τρωάσιν
412 2212 458 2299 (v.
485 2212 557 2297 117)
581 2235 654 2277 eum
678 2211 778 2278 schol.
800 2237 833 2301 p.
861 2218 899 2277 10
921 2214 972 2279 ed.
999 2214 1151 2301 Kampm.
1175 2234 1252 2300 qua·

140 2316 212 2380 drat
242 2308 399 2380 ἄκανθαν
421 2362 652 2378 ........
684 2310 747 2398 τὴν
783 2319 852 2379 τῶν
884 2320 996 2400 μελῶν
1028 2309 1185 2379 ἄκανθαν
1208 2363 1215 2376 .
1241 2362 1249 2377 .

141 2466 279 2482 ......
300 2412 466 2500 σφονδύλ.
490 2419 620 2499 τοίχους
640 2416 678 2480 δὲ
698 2415 757 2494 τάς
777 2414 924 2502 πλευράς
946 2467 1052 2483 .....
1076 2419 1249 2506 {edomuere

140 2516 202 2602 τὴν
223 2517 321 2604 ῥάχιν
343 2507 408 2583 οὖν
430 2511 587 2582 ἄκανθαν
608 2566 878 2583 .........
901 2518 971 2584 ἐστὶ
998 2516 1061 2602 τὴν
1083 2515 1181 2603 ῥάχιν
1204 2522 1252 2584 εἰ·

139 2625 239 2703 licus
263 2668 402 2685 .....
426 2659 466 2666 -
497 2616 589 2697 Quae
617 2621 696 2705 quin
717 2621 855 2708 Didymi
877 2621 1129 2707 explicationem
1151 2622 1252 2685 couti-

138 2733 237 2787 neant
264 2744 330 2788 non
352 2722 477 2788 dubito.

228 2826 282 2890 Ex
304 2835 346 2889 et.
368 2848 410 2889 m.
435 2822 505 2905 179,
530 2826 625 2887 raet.
647 2824 734 2889 Gud.
754 2826 804 2905 97,
827 2828 867 2889 37
874 2829 963 2888 -45
982 2825 1091 2892 Crem.
1112 2823 1250 2889 aneedd.

139 2929 203 2992 Ox.
244 2929 259 2990 I
288 2951 320 3015 p.
341 2929 398 3010 37,
429 2931 465 2991 31
493 2936 534 2990 et.
557 2924 676 3008 Angel.
707 2925 768 2989 col.
795 2928 834 2988 12
859 2949 890 3013 p.
912 2927 996 2991 VIII
1019 2927 1069 2993 cd.
1093 2925 1251 2992 Ritschel.

139 3052 165 3094 s.
189 3054 220 3094 v.
240 3025 436 3113 Ἀφροδίτη,
461 3028 517 3092 nbi
538 3028 648 3092 statim
674 3026 715 3090 ab
749 3028 843 3094 initio
875 3031 993 3095 citatur
1025 3030 1140 3117 Eurip.
1173 3029 1251 3094 Tro.

140 3155 171 3195 v.
196 3134 258 3196 982
279 3127 319 3195 τά
339 3127 435 3214 papir
457 3126 521 3214 yolo
544 3126 704 3195 πάντεσσι
724 3133 896 3213 γίγνονται
919 3137 1070 3218 βροτοῖς,
1099 3134 1250 3198 novimus

137 3233 275 3321 Didymi
305 3255 378 3298 ease
407 3230 508 3297 schol.
535 3230 630 3295 adv.
657 3232 718 3295 983
741 3255 773 3319 p.
797 3234 836 3298 25
857 3234 1028 3324 Kampm.‚
1054 3235 1112 3299 sed
1133 3237 1250 3299 misere

141 3335 292 3420 expilatis
314 3336 412 3422 inque
435 3334 568 3398 brevius
593 3335 714 3397 coactis
735 3335 845 3400 verbis
865 3340 1028 3422 genuinis.

225 3435 315 3500 Nihil
338 3436 411 3501 dico
433 3435 583 3522 amplius.
618 3435 691 3501 Hoc
712 3439 797 3502 enim
818 3440 957 3504 evicisse
979 3439 1058 3504 mihi
1077 3437 1201 3518 videor,
1215 3445 1251 3500 ut

138 3546 308 3624 appareat,
337 3536 473 3622 Didymi
501 3535 630 3601 lexicon
658 3540 818 3623 tragicum
838 3541 873 3603 in
892 3540 1026 3605 brevius
1048 3547 1251 3605 contractum

136 3647 239 3703 totum
258 3643 291 3704 in
313 3639 481 3727 Hesychio
503 3640 623 3718 inesse,
651 3639 736 3721 sive,
760 3641 847 3725 quod
869 3644 983 3708 eodem
1004 3640 1098 3723 redit,
1121 3640 1248 3724 glossas

135 3740 293 3826 Aeschyli
327 3739 496 3826 Sophoclis
533 3741 702 3826 Euripidis
736 3741 826 3804 Iouis
860 3749 936 3807 cett.
970 3742 1146 3806 dictionem
1178 3740 1248 3803 illu-

135 3850 275 3905 strantes
303 3843 447 3907 maxima
471 3864 513 3906 ex
542 3850 635 3927 parte
660 3841 839 3927 Didymum
865 3851 1029 3907 auctorem
1059 3863 1248 3925 agnoscere.
