2962 5024
1181 413 1241 474 223

132 599 217 658 τιον,
240 573 324 659 μηδὲ
346 571 451 656 λόγου
473 577 572 658 ἔχειν,
595 572 658 658 τὴν
679 569 741 638 ὑπ’
765 568 873 639 αὐτοῦ
888 569 964 656 όρτι
984 575 1244 661 πεπορθημένην

128 667 224 740 Ἦλιν
251 670 346 754 ἱερὰν
375 675 429 739 καὶ
456 671 613 758 καθαρὰν
640 678 796 757 ποιησαι,
826 669 909 741 ἀλλὰ
937 676 1019 760 μηδὲ
1043 672 1137 758 ίερόν
1160 673 1244 743 εἶναι

133 772 219 853 Διός
237 770 408 859 ένἭλιδι,
431 771 503 842 ἀλλ’
529 777 566 841 ἐν
585 781 683 863 Πίση.
710 771 901 862 ἀπῳκίσθαι
922 777 959 842 δὲ
975 775 1036 861 την
1055 781 1165 843 Πίσαν
1187 783 1245 862 τῆς

122 873 313 960 ’Ὀλυμπίας
334 880 490 955 σταδίους
509 877 553 956 ἕξ.
589 880 776 961 Δίδυμος
800 878 836 944 δὲ
859 876 941 945 κατὰ
963 878 1077 963 χώραν
1100 878 1165 944 ε’ων
1182 878 1244 965 την

135 974 272 1061 γραφὴν
299 975 359 1042 τόν
384 981 558 1062 Πίνδαρον
586 975 648 1062 την
668 983 780 1044 Πίσαν
796 971 891 1045 Ἦλιν
921 982 1031 1063 λέγειν
1053 985 1167 1064 φησίν.
1212 982 1248 1045 οἱ

136 1078 201 1165 γὰρ
224 1076 344 1146 Ἠλεῖοι
373 1074 437 1163 ὑφ’
465 1078 607 1157 ἑαυτούς
633 1079 853 1166 ποιησόμενοι
867 1079 959 1161 τοὺς
984 1081 1132 1160 Πισατας
1150 1072 1245 1149 Ἦλιν

136 1178 197 1265 τὴν
217 1186 327 1247 Πίσαν
349 1178 601 1265 μετωνόμασαν.
640 1185 671 1247 εί
696 1172 760 1247 οὖν
787 1178 807 1267 ἡ
829 1186 918 1248 Πίσα
943 1184 1118 1270 μετέβαλε,
1148 1187 1183 1249 τί
1201 1180 1246 1249 δν

136 1295 186 1371 εἴη
214 1284 371 1372 ἐμποδών
398 1280 544 1368 γράφειν
567 1273 676 1362 ’Λλινς
706 1286 761 1350 καλ
783 1280 993 1371 Καλλίμαχος
1014 1287 1050 1352 δὲ
1074 1281 1136 1370 την
1151 1277 1244 1351 Ἦλιν

134 1385 208 1454 ἀντὶ
226 1393 288 1454 τοῦ
305 1383 367 1470 τὴν
389 1387 498 1450 Πίσαν
519 1383 605 1462 Διὸς
621 1388 729 1451 οἰκίον
752 1382 860 1452 εἶπεν·

257 1479 352 1554 Ἦλιν
375 1482 595 1569 όνόσσεσθαι,
617 1483 701 1564 Διὸς
723 1491 841 1574 οἰκίον,
864 1492 977 1554 ἔλλιπε
1000 1494 1115 1555 Φυλεῖ.

219 1593 295 1656 Iure
316 1590 379 1654 hoo
401 1610 529 1674 quoque
551 1588 623 1653 loeo
642 1592 840 1655 recentiores
859 1592 964 1654 oritioi
979 1590 1117 1674 Didymi
1135 1590 1244 1653 lectio·

132 1717 207 1759 nem
219 1683 311 1758 Ἆλιν
333 1696 528 1774 respuerunt
549 1688 696 1752 obsecuti
713 1691 921 1755 Aristodemo
938 1691 1101 1776 Dionysio
1113 1690 1246 1775 Leptini

135 1797 293 1881 librisque
316 1792 467 1858 omnibus
494 1800 624 1876 praeter
654 1791 733 1854 Po.
756 1792 799 1855 W
820 1795 849 1855 2.
894 1791 945 1855 Of.
976 1792 1122 1856 Boeekh.
1157 1791 1243 1878 expl.

135 1896 231 1960 Pind.
257 1918 289 1981 p.
314 1896 371 1956 201
399 1893 489 1957 Curt.
513 1890 692 1977 Pelopoun.
715 1892 749 1955 ΙΙ
774 1896 843 1976 109,
864 1898 915 1956 54.

663 2079 713 2141 20.

223 2199 303 2264 ibid.
321 2200 360 2263 83
384 2192 460 2261 ἀπό
484 2194 882 2279 ΜαντινέαςΣιὶμος
898 2190 1143 2280 ὦλιροθίον·
1166 2191 1244 2262 -ὁ

135 2297 172 2365 δὲ
198 2302 389 2382 Δίδυμος
416 2292 505 2362 οὕτω
527 2298 705 2379 καθίστησι
730 2293 790 2362 τόν
813 2296 933 2381 λόγον·
964 2295 1026 2382 τὴν
1047 2298 1245 2364 Μαντινέαν

137 2400 241 2484 φησὶν
263 2395 348 2465 εἶναι
371 2394 465 2481 ἱερόν
483 2400 697 2474 Ποσειδῶνος
732 2398 788 2462 καὶ
818 2406 1037 2484 παρατίθεται
1066 2396 1126 2464 τόν
1153 2405 1244 2464 Βακ-

137 2504 278 2585 χυλίδην
300 2501 355 2588 (fr.
369 2500 457 2564 XIII
472 2523 504 2586 p.
517 2502 556 2562 24
569 2503 620 2566 ed.
633 2502 731 2589 Neu.)
756 2503 897 2586 λέγοντα
910 2496 1017 2566 οὕτω·
1033 2505 1067 2565 Π
1073 2517 1142 2564 οσε
1152 2526 1164 2564 ι
1174 2502 1194 2564 δ
1200 2496 1245 2563 ό-

135 2627 230 2669 νιον
257 2596 309 2679 ὡς
329 2606 565 2677 Μαντινεῖς
592 2600 815 2685 τριόδοντα
841 2597 1246 2686 χαλκοδαιδόλοισιν

89 2716 91 2721 ’
136 2704 180 2769 ἐν
207 2699 353 2768 ιἰσπίσι
382 2705 629 2787 φορεῠντες·
663 2704 826 2789 ἐπίσημον
853 2699 919 2787 γὰρ
946 2696 1032 2766 εἶναι
1054 2704 1123 2765 των
1145 2694 1246 2766 ἆσπί·

135 2808 205 2870 δων
232 2809 301 2869 τῶν
322 2806 538 2879 Ποσειδῶνος
565 2800 759 2885 τριόδοντα,
787 2800 839 2871 ότι
861 2797 945 2888 παρ’
966 2796 1080 2880 αὐτοῖς
1102 2798 1245 2887 μάλιστα

135 2912 266 2991 τιμᾶται
289 2901 308 2971 ό
330 2904 420 2982 θεός.
456 2905 547 2969 ἔσται
569 2893 632 2968 οὖν
654 2900 691 2969 τό
716 2902 820 2989 σαφὲς
842 2900 931 2970 οὕτω
956 2899 1037 2970 καθ’
1060 2897 1144 2969 αὑτό
1164 2905 1246 2982 ἔξω·
1270 2902 1271 2905 '

134 3016 199 3074 θεν
227 3003 576 3090 παραλαμβανομένον
606 3010 672 3070 τοῦ.
688 3000 869 3090 ὀνόματος·
906 3001 960 3073 ἄν’
979 3007 1110 3071 ἵπποισι
1133 3003 1171 3070 δὲ
1191 3008 1245 3072 τέ-

134 3129 253 3195 ταρσιν
275 3106 365 3194 ἥρως
387 3102 404 3172 ὁ
430 3102 494 3173 όιπό
518 3108 712 3184 Μαντινέας
734 3107 882 3192 ἐνίκησε,
910 3106 966 3173 καὶ
988 3110 1078 3173 ἐστιν
1098 3101 1119 3191 ἡ
1142 3112 1245 3173 Μαν-

135 3211 226 3276 τινέα
247 3221 386 3294 σημεῖον
405 3209 460 3274 καὶ
482 3207 555 3292 ίερὰ
571 3212 796 3287 Ποσειδῶνος.
811 3204 1026 3296 Ἁλιρρόθιον
1044 3207 1108 3295 γὰρ
1127 3209 1245 3276 ἐπιθε-

134 3316 234 3389 τικως
255 3307 316 3376 τόν
335 3311 536 3376 Ποσειδῶνά
558 3329 641 3395 φησι
665 3319 725 3399 (sc.
747 3313 986 3395 Aristodemus,
1009 3315 1101 3376 ouius
1126 3335 1244 3376 memo·

134 3415 184 3477 rio
214 3414 246 3479 h.
281 3414 302 3476 l.
336 3412 510 3478 recolenda
540 3415 620 3500 est),
659 3412 714 3479 καὶ
748 3417 967 3496 παρατίθεται
998 3408 1035 3477 τό
1064 3407 1245 3495 Ὁμηρικόν

135 3516 166 3597 (ε
179 3516 272 3600 292)·
299 3511 432 3589 πόσας
454 3508 486 3577 δ’
505 3507 727 3597 ὀρόθυνεν
748 3508 896 3592 ἀέλλας
914 3515 1130 3580 παντοίων
1150 3506 1246 3575 ἀνέ-

134 3636 228 3693 μων.
253 3617 470 3696 παρατίθεται
493 3613 529 3678 δὲ
552 3614 607 3678 καὶ
628 3611 688 3679 τόν
707 3614 883 3698 γράφοντα
906 3610 968 3697 την
988 3613 1139 3695 Θησηΐδα
1159 3635 1245 3694 μαρ-

135 3715 305 3793 τυροῦντα
331 3716 377 3798 τῷ
403 3708 571 3795 ἥρωλτὴν
597 3719 659 3778 τοῦ
680 3710 826 3797 ἅρματος
844 3708 1080 3796 ἡνιοχευτικὴν
1103 3705 1242 3794 ἀρετήν·

262 3811 385 3891 τρέψας
406 3811 443 3876 δὲ
463 3809 607 3896 πόλους,
630 3808 675 3889 ὡς
697 3809 715 3877 ό
739 3808 935 3887 Μαντινεὺς
956 3815 1080 3893 Σῆμος.

219 3912 260 3978 In
288 3911 416 3998 Diphili
444 3911 501 3998 (ef.
527 3920 636 3978 tamen
657 3913 802 3977 Meinek.
834 3914 909 3977 hist.
936 3934 1018 3976 com.
1044 3935 1093 3997 gr.
1115 3935 1147 3998 p.
1167 3912 1243 3991 449)

133 4015 283 4079 versibus
307 4036 324 4078 e
344 4013 437 4079 Rom.
470 4008 627 4096 στρόφας
656 4014 745 4078 Gott.
773 4013 862 4077 Vrat.
885 4014 916 4077 D
940 4010 1152 4096 στρωφνίσωυ
1172 4035 1245 4076 eum

133 4115 299 4181 Moinekio
322 4117 356 4180 in
378 4114 551 4179 oholiamb.
575 4140 606 4203 p.
630 4118 688 4179 148
718 4119 874 4201 στρωφᾷς
895 4117 1004 4202 potius
1031 4115 1084 4180 vel
1105 4110 1244 4197 στρώφα

133 4217 341 4282 scribendum
375 4217 452 4299 erit,
486 4238 582 4303 quam
603 4238 676 4281 eum
699 4217 867 4281 Boeokhio
889 4217 932 4281 ad
960 4218 992 4281 h.
1023 4218 1043 4280 Ι.
1073 4242 1105 4303 p.
1125 4218 1243 4296 ’253,2

133 4321 309 4400 στρωφοίν.
356 4319 447 4383 Idem
476 4318 662 4384 Meinekius
696 4319 866 4382 verissime
900 4319 1054 4383 observat
1082 4317 1245 4383 excidisse
