2948 5024
585 454 623 461 —
670 417 700 478 Ο
741 450 800 464 -—*
1186 412 1245 472 155

135 582 300 666 δεύτερον
321 586 451 667 στίχον,
473 579 556 667 ὅπερ
579 575 642 645 οὐκ
665 574 857 661 άναγκαῑον.
890 572 1067 658 ποιητικὸν
1087 573 1150 660 γάρ
1168 576 1248 654 ἔθος

137 686 175 752 τό
208 682 369 763 πολλάκις
396 684 451 749 καὶ
472 679 510 750 τό
534 676 616 750 αὐτό
639 675 987 764 ἐταναλαμβάνεσδαι.
1022 674 1107 759 τιρδς
1133 676 1170 743 δὲ
1189 675 1249 743 τὸν

138 785 333 871 Ζηνόδοτον
354 781 459 869 ὑγιῶς
479 781 700 868 ἀποφαίνεται
722 781 848 864 ἐκεῖνο,
873 773 963 845 ὅτιό
987 771 1125 862 ποιητὴς
1149 775 1250 845 οὐδέ-

139 912 220 956 ποτε
251 884 320 954 οἶδε
349 883 386 953 τό
416 885 470 972 φή
498 883 573 953 άντὶ
599 889 662 952 τοῦ
689 879 759 967 ὥς,
791 885 826 949 οί
842 883 878 950 δὲ
899 877 972 967 μετ’
991 874 1113 980 αὐτόν,
1137 876 1249 967 ὥσπερ

139 990 328 1076 Ἀντίμαχος
349 990 403 1056 καλ
424 992 459 1056 οί
474 989 551 1074 περὶ
573 993 798 1073 Καλλίμαχον.
821 989 864 1053 A.

224 1115 295 1174 505.
336 1106 415 1175 σδν
444 1112 590 1194 νηυσί·
633 1104 824 1192 Ζηνόδοτος
859 1104 915 1171 καὶ
935 1096 1178 1186 Ἀριστοφάνης
1208 1100 1253 1165 ἐν

142 1214 271 1295 νηυσί.
296 1210 337 1277 A.

146 1578 148 1583 .
224 1525 272 1585 10.
309 1514 553 1603 Ἀριστοφάνης
576 1520 653 1603 κῆρ
676 1514 925 1584 άπινύσκονν
955 1506 1151 1576 διάτοῦκ·
1176 1507 1253 1579 ὁδὶ

136 1619 346 1707 Ἀρίσταρχος
367 1620 423 1686 καλ
445 1618 484 1685 ἐν
509 1615 685 1708 Ὀδυσσεία
715 1618 771 1687 διά
800 1621 869 1687 τῶν
892 1612 954 1684 δύο
976 1628 1018 1677 σσ
1041 1611 1190 1690 *δοκέεις
1217 1615 1257 1680 δέ

140 1749 197 1808 μοι
214 1720 277 1790 οὐκ
299 1719 503 1788 ἀπινύσσειν
526 1725 557 1808 (ε
580 1724 668 1808 342).
690 1724 732 1789 A.

225 1848 273 1907 17.
296 1837 405 1920 οὕτως
423 1838 480 1907 διὰ
502 1845 564 1907 τοῦ
586 1866 606 1926 η
635 1836 854 1926 ἐπαύρηαι.
878 1845 919 1910 A.

229 1948 280 2010 21.
312 1940 502 2029 Ζηνόδοτος
521 1939 602 2010 οὐδὲ
624 1939 712 2022 όλως
731 1942 793 2028 τὴν
813 1943 954 2014 κόλασιν
975 1952 1033 2032 τῆς
1044 1943 1149 2032 Ἥρας
1171 1947 1255 2033 γρά-

142 2072 209 2134 φει.
232 2048 274 2113 A.

230 2169 282 2230 24.
302 2160 547 2251 Ἀριστοφάνης
567 2164 723 2251 θυμόν,
747 2163 843 2233 ἄλλοι
861 2166 898 2233 δὲ
921 2167 1070 2254 θυμός.
1094 2169 1136 2235 A.

228 2271 278 2332 31.
302 2256 557 2354 αἰττολλῆξης·
578 2264 635 2334 διά
654 2274 715 2335 τοῦ
738 2268 854 2356 ἑτέρου
876 2276 895 2337 λ
917 2273 955 2336 αἱ
963 2266 1189 2356 Ἀριστάρχου.
1212 2272 1254 2337 A.

227 2372 289 2452 132.
314 2370 383 2454 ίδη
405 2370 504 2452 χωρὶς
525 2374 587 2435 τοῦ
608 2386 639 2436 σ.
663 2372 718 2455 V.}

229 2474 280 2535 33.
315 2465 394 2535 οὔτε
422 2470 512 2552 ιταρόι
536 2469 717 2563 Ζηνοδότῳ
745 2470 824 2541 οὔτε
851 2471 931 2557 παρ’
950 2470 1181 2560 Ἀριστοφάνει
1202 2464 1254 2557 ἦν.

146 2574 201 2641 καὶ
223 2571 351 2659 μήποτε
374 2572 527 2658 περιττός
547 2575 648 2641 ἐστιν.
671 2578 714 2643 A.

231 2698 283 2758 44.
315 2694 611 2777 τειρομένους·
635 2697 673 2762 ἐν
691 2701 731 2784 τῇ
752 2692 1016 2781 Ἀριστοφάνους
1036 2697 1089 2762 καὶ
1111 2702 1257 2761 Μασσα-

144 2798 281 2881 λιωτιιιῇ
300 2796 355 2859 καὶ
377 2787 554 2883 Ἀργολικῇ
576 2793 685 2878 οὕτως
707 2798 843 2886 ἐφέρετο
864 2800 1179 2882 κτεινομένους.
1204 2795 1258 2862 καὶ

145 2899 236 2962 ἔστιν
263 2893 535 2980 ἐμφατικάτερον
562 2902 624 2966 τοῦ
647 2900 937 2985 τειρομένους.
953 2898 967 2985 ΙΙ
983 2899 1054 2966 AB.
1083 2939 1123 2950 -
1150 2894 1257 2978 οὕτως

139 2993 342 3083 Ἡρακλέων.

230 3105 281 3166 49.
311 3095 556 3187 Ἀριστοφάνης
577 3098 659 3186 μετά
682 3107 744 3167 τοῦ
766 3120 787 3167 σ
809 3107 983 3188 βοῶπις·
1009 3103 1064 3169 καὶ
1086 3106 1178 3170 ἔστιν
1201 3100 1259 3170 εά-

145 3202 384 3289 φραδίστερον.
406 3202 447 3269 A.

231 3325 282 3387 50.
327 3316 586 3390 ἀθανάτοισι
618 3328 830 3404 καθίζοις·
869 3325 906 3392 ἐν
938 3335 1009 3402 ταῖς
1041 3326 1259 3407 είκαιοτέραις

144 3419 403 3489 ἀθανάτοισι
427 3433 584 3491 θεοῖσι.
608 3426 650 3491 A.

230 3529 281 3591 53.
305 3521 415 3604 οὕτως
432 3521 488 3592 διά
504 3531 566 3591 τοῦ
581 3525 621 3609 γέ
644 3526 767 3591 ἐτεόν
793 3551 838 3611 γε
865 3527 920 3592 καὶ
942 3521 1194 3609 Ἀριστοφάνης.
1216 3523 1258 3588 A.

231 3631 368 3694 56-77.
392 3624 447 3690 καὶ
466 3622 556 3709 ιταρά
573 3622 808 3710 Ἀριστοφάνει
833 3625 1009 3712 ἡθίτηντο.
1032 3627 1074 3691 A.

231 3733 282 3793 64.
306 3721 414 3800 οὕτως
437 3719 638 3807 ἀνστήσει
660 3721 708 3790 όν
730 3728 766 3790 αί
782 3722 1014 3811 Ἀριστάρχου,
1035 3722 1124 3802 τινὲς
1144 3725 1180 3790 δὲ
1199 3720 1260 3789 άν-

144 3826 299 3915 στήσειεν
320 3818 377 3889 διά
399 3828 461 3888 τοῦ
480 3847 505 3889 ε.
528 3823 717 3907 Ζηνόδοτος
736 3824 772 3890 δὲ
794 3820 858 3889 άιιό
885 3828 947 3889 τοῦ
963 3826 1151 3908 εΠηλείδεαι
1175 3819 1261 3907 Ἀχι-

145 3935 244 4015 λῆος’
268 3926 331 4005 ἕως
349 3927 412 3990 τοῦ
436 3925 635 4009 ’λισσομένη
658 3929 811 4010 τιμῆσαι’
836 3919 913 3990 οὐδ’
933 3919 1020 4003 ὅλως
1035 3927 1192 4009 ἔγραφεν.
1216 3928 1259 3992 A.

231 4036 282 4095 71.
303 4023 512 4113 Ἀρίσταρχος
535 4024 572 4093 δὲ
589 4020 713 4093 Ἴλιον
734 4024 1005 4111 ἐκκέρσωσιν.
1031 4027 1072 4094 A.
1101 4028 1153 4095 cf.
1177 4028 1259 4100 BL..

144 4133 202 4198 ubi
219 4156 279 4221 pro
299 4129 491 4197 Aristarcho
512 4125 602 4207 τινὲς
620 4126 657 4195 δὲ
677 4170 721 4180 -
741 4154 794 4215 γρ.
988 4201 989 4204 ¹

232 4237 282 4298 72.
306 4227 415 4310 οὕτως
431 4227 644 4316 Ἀρίσταρχος
661 4231 762 4317 χωρίς
780 4234 843 4298 τοῦ
864 4250 884 4298 σ
904 4227 1031 4298 παύω.
1055 4231 1097 4296 Α.

229 4335 282 4400 De
305 4337 345 4399 79
368 4335 408 4401 V.
429 4335 471 4403 cf.
491 4336 607 4403 Lehrs.
630 4358 683 4424 ap.
704 4333 827 4401 Friedl.
851 4335 1030 4402 Aristonio.
1054 4355 1086 4424 p.
1106 4336 1178 4401 241.
