2962 5018
1191 420 1250 482 3111

142 579 201 660 τὰς
219 582 281 668 μὲν
299 583 336 648 ἐκ
357 583 528 664 Δωρίδος,
550 588 690 667 γνησίας
710 580 817 649 αὐτοῦ
834 585 1025 669 θύγατέρας
1048 585 1252 669 νομίζεσθαι,

142 683 200 762 τὰς
222 682 258 750 δὲ
281 685 314 762 ἐξ
336 677 448 748 ἄλλων
473 679 537 767 ἤδη
562 686 669 773 (deest
689 687 839 752 Eustatb.
855 686 996 751 Phavor.
1020 685 1161 770 Eudoc.)
1179 710 1254 752 κοι-

142 785 284 869 νότερον
306 787 476 869 Νηρεΐὸας
497 792 684 854 καλεῖσθαι.
730 789 785 854 καί
807 783 864 864 τὰς
885 785 947 871 μὲν
968 785 1073 874 (vulg.
1098 783 1143 870 μὴ
1168 810 1251 853 corr.

142 889 294 976 Preller.)
318 891 457 972 γνησίας
474 913 495 953 ν
519 884 604 956 εἶναι
628 890 847 979 (scribebatur
869 892 941 972 καί,
968 910 1051 953 corr.
1072 888 1252 955 Vulcanius

144 1000 176 1055 et
196 991 283 1056 idem
305 990 424 1055 Valck.
452 992 617 1058 animadv.
641 1016 673 1079 p.
702 996 761 1058 162
783 1015 821 1057 κε
841 990 873 1055 b.
897 1013 925 1055 e.
953 989 1069 1077 XXV)
1097 987 1157 1055 τὸν
1176 988 1253 1075 ἀρι-

141 1089 249 1176 θμόν,
280 1095 416 1170 πλείους
438 1088 475 1157 δὲ
496 1088 555 1170 τὰς
575 1088 702 1172 ἄλλας·
732 1089 835 1160 ταῦτα’
858 1109 940 1178 φησι
963 1094 1124 1170 Μνασέας
1150 1094 1252 1180 (lege-

141 1194 238 1259 batur
269 1196 457 1279 Μνασέαν,
490 1191 592 1283 ¹quod
628 1198 776 1261 certatim
812 1195 1027 1260 emendarunt
1061 1196 1253 1260 Maussacus

142 1296 305 1362 Meursius
335 1296 473 1361 Vossius
508 1297 697 1385 Fabricius)
728 1297 766 1361 ἐν
797 1309 866 1374 τοῖς
900 1294 976 1381 περὶ
1002 1299 1061 1380 της
1082 1292 1252 1381 Εὐρώπης

141 1393 202 1461 τὸν
229 1395 357 1481 τρόπον
387 1402 521 1464 τοῦτον.
572 1393 641 1463 εἶτα
666 1399 832 1465 ἐκτίθεται
860 1397 1040 1486 (subintell.
1070 1398 1250 1487 Didymus)

142 1496 198 1564 διὰ
222 1504 362 1584 μακρῶν
392 1499 453 1586 την
482 1501 589 1584 teitu,
624 1502 679 1566 καὶ
708 1501 858 1585 ἐπιφέρει
896 1502 1051 1577 πιθανοῖς
1084 1501 1250 1587 (Eustath.

141 1598 292 1668 πιθανὸν
320 1591 399 1690 οὖν)
430 1600 488 1679 τὰς
514 1600 576 1686 μὲν
602 1601 639 1667 ἐκ
661 1605 738 1686 μιᾶς
761 1605 819 1686 της
848 1604 1002 1685 Δωρίδος
1028 1603 1253 1687 γνησιατίρας

141 1709 210 1769 τῶν
243 1699 356 1770 ἄλλων
385 1698 489 1781 οὔσας
527 1704 667 1787 Νηρέως
701 1704 891 1788 θνρατέρας
919 1703 1094 1789 λέγεσθαι,
1127 1701 1186 1782 τὰς
1216 1703 1253 1769 δὲ

144 1803 387 1882 συνεισάκτονς
420 1806 482 1891 (sic
516 1805 695 1885 Eustatbio
720 1816 898 1893 praeeunte
936 1806 1081 1892 (iangius
1114 1829 1140 1871 s.
1159 1829 1192 1869 v.
1221 1814 1254 1870 et

140 1907 300 1972 Valcken.
328 1932 360 1994 p.
384 1910 423 1971 98
447 1931 478 1971 n.
500 1910 557 1990 813
585 1906 757 1992 legebatur
778 1910 998 1997 συμμίκτους)
1028 1901 1121 1996 αὐτῷ
1145 1904 1253 1991 μόνον

143 2008 243 2096 (malo
266 2004 348 2075 αὐτὸ
368 2005 489 2096 μόνον)
513 2011 691 2093 Νηρεΐόας.

226 2111 319 2177 Idem
341 2111 410 2176 fere
431 2120 640 2198 praeceptum
663 2121 843 2198 recoquunt
857 2112 1005 2178 Eudocia
1027 2112 1113 2177 Viol.
1137 2137 1169 2199 p.
1190 2115 1252 2176 306

141 2213 334 2278 Eustathius
356 2213 477 2300 Odyss.
502 2237 528 2277 ω
555 2217 653 2296 1945,
676 2217 694 2275 5
716 2246 758 2272 ·-.
780 2216 858 2296 824,
882 2217 921 2278 23
945 2214 1121 2278 Phavorin.
1147 2213 1250 2298 Cang.

140 2315 240 2399 gloss.
262 2317 347 2380 med.
367 2325 400 2379 et
421 2314 480 2378 inf.
505 2315 623 2380 Graec.
646 2337 677 2379 v.
703 2317 925 2380 σονείσακτοι.

225 2417 349 2480 Locum
376 2425 517 2481 tractant
545 2416 705 2480 Valcken.
734 2415 899 2480 animadv.
931 2417 984 2479 ΙΙΙ
1011 2424 1045 2504 p.
1076 2418 1252 2479 161-168

140 2516 264 2580 Neuius
285 2516 442 2603 Bacchyl.
473 2515 514 2580 fr.
538 2516 590 2579 IX
612 2541 644 2605 p.
674 2519 711 2580 18
735 2515 808 2581 coll.
832 2539 863 2601 p.
894 2504 1138 2581 9Preller.'de
1161 2517 1252 2579 Mna-

141 2638 197 2680 sea
222 2617 256 2680 in
282 2617 363 2682 diar.
395 2618 518 2705 antiqq.
545 2617 712 2702 Marburg.
740 2620 820 2679 1846
849 2639 882 2703 p.
907 2622 967 2680 674
988 2640 1020 2680 ιι.
1045 2620 1106 2681 681)
1126 2641 1169 2698 n.,
1197 2619 1252 2704 qui

140 2720 320 2782 rectissime
343 2719 465 2784 iudicat
488 2720 550 2784 sic:
572 2726 662 2784 ‘Alsa
681 2728 747 2799 γαῖί
763 2723 906 2783 Mnaseas
926 2732 1016 2784 τίνοι
1037 2726 1084 2783 bei
1099 2724 1252 2799 Didymus,

140 2827 205 2884 und
233 2827 480 2886 matrscbeinlich
508 2828 580 2886 sind
607 2845 639 2886 es
668 2826 853 2901 γανοίιπίίοίι
889 2828 985 2886 dieses
1019 2827 1254 2886 Grammatiloers

141 2926 293 3002 Excerpte
319 2931 387 2999 (mie
409 2930 463 3004 bey
483 2929 628 2999 Polemo),
661 2929 758 2988 durch
776 2929 885 2988 melote
905 2946 961 2988 uns
980 2930 1055 2988 noct
1074 2946 1107 2988 so
1121 2931 1178 2988 viel
1198 2944 1252 2988 uon

139 3028 199 3088 ihm
219 3029 354 3089 erbulten
375 3033 438 3090 ἰοί)
475 3085 479 3093 .

664 3214 723 3296 111.

316 3344 459 3426 Ἴωνος
477 3343 785 3434 Ἀγαμέμνονος
805 3348 1069 3432 ίξηγητικόν.

226 3504 456 3568 Commentarii
484 3504 518 3567 in
545 3505 635 3569 Ionis
657 3504 936 3588 Agamemnonem
964 3502 1111 3566 meminit
1129 3500 1249 3564 Athen.

139 3603 191 3666 XI
218 3628 250 3690 p.
272 3605 379 3668 4681)
405 3604 478 3670 coll.
509 3605 659 3670 Eustath.
691 3608 788 3685 1300,
820 3607 838 3664 5
869 3598 1086 3667 δακτυλωτὸν
1115 3603 1252 3682 ἔκπωμα

140 3697 230 3766 οὕτω
252 3703 465 3788 καλούμενον
487 3702 577 3788 παρὰ
590 3700 683 3770 Ἴωνι
703 3705 740 3769 ἐν
758 3698 992 3786 Ἀγαμέμνονι·

268 3810 353 3869 οίσει
375 3803 412 3871 δὲ
433 3809 546 3890 δῶρον
566 3801 662 3882 ἄξιον
683 3801 896 3887 δραμήματος

267 3905 404 3990 ἔκπωμα
425 3902 641 3972 δακτυλωτὸν
663 3900 830 3988 ἄχραντον
850 3905 942 3986 πυρί,

268 4009 395 4071 Πελίου
415 4000 490 4092 μέγ’
515 3995 634 4089 ἆθλον,
648 4003 834 4088 ,Κάστορος
855 3999 887 4069 d'
912 4005 1012 4086 ἔργον
1033 4005 1159 4068 ποδῶν.

135 4101 309 4191 Ἐπιμένης
323 4108 346 4192 ¹)
384 4105 447 4192 piu
478 4097 542 4172 οὖν
577 4101 695 4172 ἀκούει
727 4101 764 4169 τὰ
799 4100 960 4189 ἄμφωτον
989 4100 1167 4188 ποτήριον,
1205 4108 1252 4183 είς

212 4261 240 4327 1)
260 4265 304 4316 Sic
322 4265 356 4316 Δ.
369 4265 456 4317 Maro.
474 4265 570 4329 Vsnst.
582 4264 716 4341 Eugtath.
737 4262 814 4327 1300,
823 4263 848 4313 5.
868 4261 973 4312 Nomen
997 4266 1039 4310 est
1058 4262 1251 4325 incorruptum,

139 4348 195 4399 vid.
215 4350 340 4402 Arrhinn.
360 4352 400 4402 IV
414 4351 447 4404 13
465 4351 495 4405 Ο.
515 4351 538 4402 Ι.
557 4369 584 4404 ιι.
600 4349 667 4402 moa
685 4352 753 4418 Pap.
772 4349 824 4404 lex.
846 4365 936 4400 onom.
954 4365 981 4414 p.
1003 4346 1060 4402 136.
1078 4345 1252 4412 Epimenides
