2962 5024
579 430 784 491 -AZ—
1181 439 1240 499 177

131 589 214 658 ὅλον
234 588 339 658 αύτόν
361 591 525 659 ἐκάλυπτε
546 591 608 678 τὴν
630 600 760 679 χρυσῆν
782 597 902 679 αίχίδα.
926 601 981 662 καλ
1000 597 1126 683 μήποτε
1141 600 1242 685 Ὁμη-

131 689 314 778 ρικιάτερον
350 690 462 760 ’τοῖόν
495 718 546 761 τοι
581 691 646 780 ἐμοὶ
679 696 783 780 νέφος
816 692 1044 781 ἀμφικαλύψω
1075 701 1241 785 χρύσιον’
1321 785 1324 791 ,

131 796 176 881 (ε
195 796 282 877 343).
305 797 347 859 A.

218 895 281 982 [28.
313 892 439 961 εἵνεκ’
470 892 586 980 ἀτης·
620 892 728 976 οὕτως
749 893 968 985 Ἀρίσταρχος.
1001 899 1038 969 τὸ
1061 903 1125 989 γάρ
1143 905 1241 972 ἕνεκα

130 1002 192 1063 τού
215 993 493 1082 ἀπολογουμένου
512 998 611 1065 ἐστίν.
627 999 681 1087 V.]
709 1001 759 1064 Of.
775 1011 884 1066 tamen
895 1002 1009 1067 Lehrs.
1026 1006 1113 1091 apud
1128 1006 1241 1072 Fried-

130 1100 237 1164 laend.
261 1102 407 1165 Ariston.
431 1125 462 1187 p.
484 1104 540 1164 341
569 1100 670 1165 schol.
694 1101 807 1187 Eurip.
834 1102 910 1168 Tro.
933 1107 995 1169 968
1008 1105 1048 1168 R.
1173 1144 1179 1151 ,

212 1204 262 1264 30.
282 1195 305 1285 ἥ
324 1202 364 1266 οί
384 1201 488 1283 πόρε
508 1199 780 1285 μαχλοσύνην
799 1198 1038 1289 ἀλεγεινήν·
1059 1200 1137 1289 παρ’
1151 1201 1241 1290 Ἀρι-

131 1303 292 1385 στοφάνει
314 1306 372 1367 καί
385 1319 451 1366 τισι
467 1307 535 1367 τῶν
552 1306 735 1368 πολιτικῶν
753 1297 776 1386 ἦ
792 1307 834 1369 οἱ
846 1308 1124 1391 κεχαρισμένα
1145 1310 1166 1371 δ
1172 1304 1239 1392 ἀρ’

130 1397 328 1488 ὀνόμηνε·
361 1403 416 1468 καλ
444 1401 527 1486 τάχα
560 1407 689 1487 μάλλον
715 1397 823 1481 οὕτως
851 1398 894 1470 άν
922 1409 1008 1491 ἔχοι·
1040 1403 1157 1473 ἀθετεῖ
1177 1403 1240 1492 γὰρ

127 1499 338 1589 Ἀρίσταρχος
360 1501 416 1570 διά
439 1501 501 1588 τὴν
524 1502 742 1590 μαχλοσύνην
764 1505 824 1570 τὸν
844 1511 969 1591 στίχον.
990 1512 1031 1574 Α.

216 1610 266 1671 33.
288 1630 340 1690 μρ.
364 1601 413 1670 ού
434 1602 484 1671 νύ
508 1602 602 1671 ποθ’
626 1602 650 1671 ύ
658 1631 728 1690 μιν
752 1609 837 1693 (eod.
860 1603 967 1696 ὑμῖν).
996 1611 1037 1674 A.
1089 1611 1242 1698 Sequitur

129 1707 313 1773 Herodiani
334 1708 511 1774 adnotatio.

216 1813 267 1873 53.
285 1802 496 1892 Ἀρίσταρχος
515 1811 865 1893 νεμεσσεθέιομεν
887 1806 943 1875 διὰ
964 1817 1026 1876 τοῦ
1046 1820 1099 1878 δε.
1121 1816 1163 1877 A.

213 1918 262 1975 71.
296 1910 569 1984 Friedlaenderus
606 1913 809 1992 Aristonico,
844 1913 1052 1977 Duentzerus
1084 1914 1241 1980 Zenodot.

130 2034 161 2097 p.
185 2014 214 2094 2,
236 2017 256 2076 4
276 2011 422 2099 Didymo
439 2012 564 2077 tribuit.

213 2115 263 2178 82.
305 2117 407 2198 κῆρα
435 2114 640 2197 φέρουσα·
667 2116 753 2180 ἔνιαι
782 2119 851 2181 τῶν
876 2111 959 2181 κατά
989 2114 1103 2193 πόλεις
1131 2121 1241 2201 πῆμα

131 2216 334 2299 φέρουσα,
356 2210 484 2281 ἀτοπον
507 2211 572 2299 γὰρ
595 2210 649 2280 ἐπ’
675 2212 806 2299 ἰχθύων
828 2221 915 2301 κῆρα
935 2218 1053 2301 λέγειν.
1074 2221 1115 2283 A.

217 2321 267 2381 85.
292 2320 329 2381 ἐν
351 2321 391 2402 τῇ
412 2313 495 2381 κατά
513 2312 644 2382 Ῥιαυόυ
666 2309 709 2393 δς
730 2312 815 2400 τάχ’
840 2320 1027 2401 ἔμελλεν.
1050 2321 1092 2384 A.

216 2422 268 2482 97.
300 2421 592 2502 είσαναβᾶσαι·
615 2413 636 2499 ἡ
656 2411 872 2500 Ἀριστάρχου
895 2419 1165 2505 ἐξαναβᾶσαι,
1187 2420 1242 2486 καὶ

132 2521 169 2585 αί
190 2523 334 2596 πλείους.
357 2519 399 2582 A.

221 2624 290 2684 109.
322 2613 343 2705 ἡ
367 2618 403 2685 δὲ
426 2613 692 2701 Μασσαλιωτικὴ
713 2613 987 2701 ὀτρύνουσιν.
1016 2613 1124 2696 οὕτως
1145 2616 1242 2705 καὶὴ

132 2724 206 2788 Χία.
231 2724 272 2786 Α.
872 2738 875 2743 ·

221 2827 290 2887 110.
321 2817 572 2902 Ἀπολλόδωρος
604 2820 659 2886 καὶ
687 2815 885 2903 ἈρητάδηςΙ
900 2820 954 2885 καλ
988 2818 1155 2904 Νεοτέλης
1189 2820 1244 2887 καὶ

133 2923 319 3002 Διονύσιος
351 2918 368 2988 ὁ
391 2925 483 3010 Θρᾷξ
511 2919 567 2988 διά
596 2926 658 2987 τού
681 2918 784 3006 τεὴν
807 2920 1164 3006 πρόδεσιν·χράφουσι
1189 2923 1244 2989 καὶ

132 3025 319 3091 δασύνουσι
342 3023 380 3092 τὸ
402 3050 439 3109 α,
459 3026 516 3089 ’ίυα
538 3014 560 3111 ᾖ
583 3021 781 3108 προσάπτοι,
805 3018 996 3107 ἀνατίθημι.
1038 3024 1073 3088 οί
1086 3019 1122 3089 δὲ
1144 3024 1244 3108 χωρλς

131 3131 193 3192 τού
215 3150 233 3191 τ
255 3127 407 3210 ἔγραψαν
429 3126 485 3191 καὶ
505 3125 673 3203 ἑψίλοισαν
696 3118 733 3189 τὸ
757 3147 795 3207 α,
821 3125 878 3188 ἵνα
896 3117 1022 3188 ταύτόν
1042 3118 1176 3211 ύπάρχη
1197 3127 1243 3212 τῷ

133 3220 412 3312 προίάλλω,.ολον
434 3230 567 3312 δίδωμι,
588 3223 802 3312 προσπεύδω.
828 3220 935 3304 οὕτως
954 3223 990 3291 δέ
1014 3224 1069 3291 καὶ
1091 3223 1243 3310 Ζηνόδο-

131 3353 187 3407 τος
208 3328 263 3394 καλ
283 3324 494 3413 Ἀρίσταρχος
514 3328 551 3394 ἐν
572 3341 641 3407 τοῖς
663 3326 747 3412 πρὸς
767 3326 948 3412 Κωμανόν.
969 3330 1011 3393 Α.

217 3433 286 3494 125.
311 3426 419 3508 οὕτως
435 3425 648 3515 Ἀρίσταρχος
669 3430 788 3507 ἑνικσίς
810 3428 853 3494 έν
875 3432 1027 3515 κλισίη.
1047 3431 1089 3493 Α.

219 3534 288 3596 148.
313 3527 421 3610 οὕτως
443 3528 499 3597 διά
522 3537 584 3597 τοῦ
605 3557 638 3616 ν,
660 3528 760 3598 οἷον.
784 3534 826 3597 Α.

221 3629 305 3715 [164.
329 3628 545 3712 κόπρος-
565 3630 775 3717 Ἀρίσταρχος
796 3628 951 3706 σποδός
971 3627 1036 3694 κτὲ.
1061 3629 1114 3716 V.]
1229 3697 1234 3708 ,

220 3732 290 3793 102.
310 3725 418 3807 οὕτως
437 3725 648 3816 Ἀρίσταρχος
669 3731 847 3815 κεχάνδη
870 3725 926 3794 διὰ
949 3735 1012 3793 ’τού
1033 3755 1066 3812 η,
1088 3725 1163 3792 ἀντὶ
1182 3733 1246 3793 τού

133 3831 282 3913 κέχανδε.
316 3826 397 3916 ἡδὲ
423 3829 686 3915 Μασσαλιωτικὴ
708 3830 920 3897 κεκεύθει.
949 3831 991 3892 A.
1034 3823 1244 3912 Ἀρίσταρχος

133 3928 340 4015 κεχάνδει.
363 3930 406 3995 A.

220 4036 289 4098 198.
312 4027 523 4117 Ἀρίσταρχος
545 4026 704 4116 ἄνωγεν
726 4034 787 4110 ἔξω
809 4033 871 4095 τού
890 4054 911 4093 ι.
934 4029 976 4091 Α.

218 4137 290 4198 200.
317 4131 384 4198 καὶ
402 4126 619 4216 ἀμείβετο·
640 4126 849 4215 Ἀρίσταρχος
871 4128 938 4194 καλ
960 4121 1145 4210 ἀνήρετο.
1166 4129 1208 4191 A.

218 4237 290 4300 214.
315 4229 424 4313 οὕτως
445 4232 535 4300 ἐπεὶ
556 4229 606 4298 οὕ
627 4233 659 4318 ἑ,
693 4233 764 4299 ἐπεὶ
782 4227 845 4297 ούκ
867 4225 982 4295 αὐτόν.
1017 4227 1054 4291 αί
1072 4225 1110 4292 δὲ
1136 4226 1245 4293 κοιναὶ

134 4334 223 4399 ἐπεὶ
242 4330 347 4400 ούτι.
369 4338 411 4401 Α.

187 4458 344 4501 monos.
999 4428 1038 4489 12
