2964 5010
1186 393 1227 454 45

115 584 261 647 φρονα
292 557 462 641 κόρκορον
488 559 628 642 λέγοντα
658 554 815 640 ἰχθύδιόν
837 580 879 623 τι.
913 553 1078 641 ἠπύτηται
1099 559 1153 642 δέ,
1175 554 1229 637 ’ὥς

116 679 225 748 φησιν
248 656 564 745 Ἐρατοσθένης.
606 660 675 722 ἔστι
711 653 775 740 γάρ
804 655 950 740 λάχανόν
975 683 1005 722 τι
1030 653 1150 741 ἄγριον
1174 660 1229 723 καλ

119 760 253 840 εὐτελὲς
273 763 310 827 ἐν
332 759 595 848 Πελοποννήσῳ,
617 754 662 837 ὦς
683 758 738 824 καλ
760 752 780 842 ἡ
800 763 968 843 παροιμία.
999 759 1091 841 ε[καὶ]
1107 758 1231 841 κόρκο-

118 887 179 947 ρος
194 865 231 929 ἐν
246 862 431 947 λαχάνοις)
461 864 571 950 Atque
593 873 730 950 utraque
753 859 907 926 vocabuli
925 859 1100 945 explicatio
1120 860 1230 923 etiam-

117 988 204 1030 nunc
232 975 339 1031 exstat
365 964 453 1051 apud
480 964 560 1029 Hes.
584 965 717 1029 1132οε
752 963 978 1046 κόρκορος·
1003 956 1090 1038 εἶδος
1112 956 1230 1043 ἰχθύος

119 1062 140 1150 ἢ
162 1065 316 1150 λάχανον.
341 1067 475 1150 [Bernh.
497 1067 589 1131 Erat.
610 1089 644 1153 p.
668 1068 729 1131 213
753 1069 815 1152 sq.]

644 1222 694 1284 27.

199 1338 315 1428 Neque
342 1340 384 1404 iis
406 1337 592 1425 Hesychius
621 1348 725 1421 caret,
756 1359 840 1425 quae
866 1360 908 1401 ex
930 1337 1137 1402 duumvirum
1160 1336 1231 1401 illo-

114 1464 187 1505 rum
210 1443 312 1529 copiis
334 1441 513 1528 depromsit
529 1440 630 1504 schol.
648 1439 691 1504 ad
713 1440 772 1503 Ar.
794 1438 918 1527 Vespp.
936 1440 996 1503 724
1011 1438 1101 1524 (702)
1127 1435 1230 1503 Ἐπι-

99 1533 204 1628 ισίζη
225 1541 475 1627 Λυκόφρων·
497 1542 552 1606 καλ
586 1541 721 1626 (Bernh.
748 1540 869 1605 XVIII
893 1564 926 1628 p.
950 1542 1011 1604 217
1045 1534 1090 1616 ὡς
1113 1538 1230 1603 Ιοουοε.

112 1651 188 1728 post
211 1642 371 1720 ἐπισίζειυ
390 1643 549 1726 indicata)
569 1641 611 1705 ολ
630 1640 726 1726 περὶ
739 1638 1015 1726 Ἐρατοσθένη(ν)
1034 1639 1071 1705 τό
1089 1640 1229 1723 ἐπαφιέ-

114 1767 172 1807 ναι
201 1741 282 1821 τούς
303 1741 409 1821 κύνας
430 1744 588 1822 ἐπισλζειν
609 1741 675 1808 κτὲ.
698 1746 768 1811 vid.
791 1745 871 1809 Hes.
894 1745 911 1808 Ι
936 1746 1015 1808 1383
1044 1743 1229 1821 ἐπισάξαι

112 1843 321 1923 ἐπισάξας.
352 1845 601 1910 ἑπισίττειν.
621 1834 883 1932 1ἑπιςλρλύξειυ.
928 1845 980 1909 De
1001 1866 1036 1907 re
1057 1844 1100 1908 of.
1123 1844 1227 1908 Piens.

112 1945 156 2009 ad
182 1946 285 2011 Moer.
308 1971 341 2035 p.
369 1950 427 2011 157
451 1948 491 2011 Α.
513 1946 641 2012 Nauck.
664 1948 768 2013 Arist.
791 1947 872 2034 Byz.
891 1969 922 2033 p.
949 1949 1019 2010 161.

645 2104 684 2166 28

201 2219 342 2301 Quintus
363 2221 520 2307 procedat
540 2220 641 2286 schol.
668 2221 710 2286 ad
730 2222 790 2285 Ar.
813 2220 890 2285 Pac.
915 2225 976 2286 703
1001 2222 1093 2309 (701)
1111 2215 1226 2304 Ὡρα-

118 2317 283 2399 κιάσας·
310 2312 384 2386 οἷον
407 2315 572 2406 ωήριάσας
593 2316 615 2405 ἦ
627 2321 803 2401 ἑλκυσθελς
822 2322 1045 2409 (Ital-viteis)
1068 2316 1089 2407 ἦ
1112 2328 1227 2389 λειπο-

117 2421 270 2506 φυχήσας
298 2415 319 2506 ἢ
351 2416 538 2507 ἀθυμήσας.
578 2417 623 2502 ὥς
653 2421 842 2509 φιλοπότην
864 2424 901 2490 δὲ
929 2420 1031 2491 πάλιν
1055 2422 1227 2509 διαβάλλει

114 2519 175 2588 τὸν
196 2528 366 2605 Κρατῖνον
384 2522 466 2608 μετὰ
485 2522 652 2604 ἐκλύσεως
671 2525 914 2610 ἐσκοτωμέυον,
934 2515 960 2613 ᾧ
982 2531 1061 2602 ἴσως
1082 2521 1228 2590 ἀκολου-

116 2632 176 2690 θεῖ
196 2624 252 2690 καλ
273 2622 311 2691 τὸ
331 2619 532 2711 ὦρακιάσας,
554 2631 701 2693 τοιοῦτοι
724 2626 761 2693 δὲ
783 2629 818 2692 ολ
833 2631 1128 2709 λειποψυχούυτες.
1152 2625 1228 2705 τρέ-

114 2747 210 2791 πεται
243 2725 308 2810 γὰρ
342 2722 458 2792 αὐτῶν
488 2722 639 2812 ἡχροιά.
684 2726 923 2811 Λυκόφρων
951 2725 989 2792 ot
1017 2724 1054 2793 τὸ
1079 2719 1229 2814 άρακιᾷν

115 2821 189 2892 άντλ
221 2833 282 2894 τοῦ
318 2825 463 2916 ω’χριᾷν,
494 2824 799 2915 Ἐρατοσθένης
830 2828 867 2895 δὲ
896 2825 933 2896 τό
963 2824 1032 2895 ὖπό
1062 2824 1228 2907 ἐκλύσευς
1293 2819 1294 2823 ’

114 2929 326 2997 ἐσκοτῶσθαι
351 2929 417 2995 κτὲ.
463 2931 666 3012 Quibuscum
688 2931 774 2998 conf.
804 2932 884 2997 Hes.
908 2932 944 2996 II
964 2956 996 3020 p.
1023 2936 1103 2997 1594
1136 2924 1226 3016 ύρα-

113 3031 233 3110 κιάσας
261 3043 294 3098 et
319 3028 470 3120 ὁρακιᾷν
513 3043 555 3099 et.
584 3058 627 3099 m.
657 3037 719 3100 823
756 3040 856 3117 [747],
892 3037 932 3098 33
981 3035 1086 3100 Piero.
1122 3034 1225 3100 Moer.

113 3158 147 3222 p.
168 3139 230 3199 415
254 3135 365 3202 Tittm.
388 3138 508 3203 Zonar.
531 3138 567 3202 II
588 3160 617 3204 o.
643 3140 723 3204 1892
743 3161 792 3225 sq.

641 3295 693 3357 29.

198 3406 239 3472 Iu
265 3418 392 3496 partem
419 3410 533 3473 veniat
554 3413 651 3477 etiam
675 3412 775 3479 schol.
800 3412 843 3477 acl
870 3414 929 3477 Ar.
958 3410 1034 3476 Pac.
1061 3413 1120 3475 198
1140 3410 1224 3475 Ven.

115 3505 380 3591 Δυκόφρονά
408 3526 514 3594 φησιν
532 3506 833 3598 Ἐρατοσθένης
855 3510 892 3579 τό
915 3511 1083 3594 κύτταρον
1104 3512 1226 3594 λέγειν,

114 3607 152 3672 ἐν
180 3597 208 3697 ᾦ
233 3610 268 3674 ολ
292 3615 398 3695 φηγοί
432 3615 468 3700 (i.
493 3637 520 3678 e.
550 3617 702 3704 glandes)
736 3614 960 3700 ἐγκάθηνται,
1005 3611 1068 3680 ούκ
1102 3609 1226 3698 ὀρθῶς.

113 3707 303 3795 κυττάρους
319 3709 383 3796 γάρ
405 3719 547 3781 καλοῦσι
567 3714 626 3794 τὰς
647 3720 716 3782 τῶν
736 3720 862 3800 κηρίων
884 3717 939 3781 καὶ
961 3721 1103 3799 σφηκῶν
1124 3740 1227 3780 κατα-

113 3805 266 3896 τρήσεις,
299 3808 344 3893 ὥς
374 3816 429 3880 καλ
462 3817 498 3881 ἐν
527 3819 661 3901 Σφηξὶν
691 3824 835 3901 εἴρηκεν.
880 3817 992 3900 (1006)
1023 3812 1159 3897 ὥσπερ
1188 3818 1230 3881 ολ

113 3910 333 3998 σκώληκες
351 3916 395 3981 ἐν
417 3930 503 3995 τοῖς
525 3914 750 3997 κυττάροις
772 3915 1034 3999 κινούμενοι.
1069 3914 1226 4001 Θεόφρα-

113 4029 191 4091 στος
209 4019 253 4099 (3,
274 4020 303 4100 3,
327 4020 346 4082 8
368 4019 423 4083 III
443 4043 476 4106 p.
502 4023 560 4083 145
585 4017 753 4102 Schneid.)
783 4015 819 4083 cl
842 4022 967 4099 κυρίως
988 4018 1076 4104 λέγει
1099 4016 1227 4102 προάν-

111 4119 217 4198 θησίν
242 4142 318 4183 τινα
346 4123 405 4204 τῆς
425 4120 561 4206 πεύκης.
599 4119 655 4185 καὶ
677 4123 735 4204 τῆς
757 4124 874 4198 πίτυος
895 4114 968 4204 ἥτις
988 4120 1089 4206 ἐστὶν,
1113 4115 1227 4206 ὥσπερ

110 4215 236 4302 στάχυς
264 4221 302 4286 ἐκ
327 4218 483 4306 μεγάλων
512 4228 642 4308 πυρῶν.
688 4219 929 4308 ξηραιυόμενος
956 4223 992 4290 δὲ
1014 4229 1226 4292 θυλακούται

112 4320 169 4384 καλ
190 4315 380 4389 ἀποπίπτει.
413 4315 487 4390 οἷον
509 4315 574 4391 οὖν
592 4320 775 4409 crystetes
794 4326 859 4394 κτὲ.
892 4327 1109 4395 Adhibendua
1128 4332 1226 4396 etiam
