2962 5018
1202 448 1264 511 259

317 666 320 673 .
679 611 729 670 59.

238 723 337 812 Vesp.
359 727 420 788 804
445 725 536 812 (769)
561 725 651 808 είλη
673 719 759 789 κατ’
783 718 963 810 ὄρθρον·
981 765 1024 776 —-
1040 724 1203 811 γράφεται
1225 727 1263 794 δὲ

152 822 208 888 καὶ
223 821 313 890 κατ’
331 820 466 910 ὀρθὰν
480 825 518 891 έν
533 831 679 904 πολλοῖς.
699 827 754 891 καί
770 823 992 911 ἐξηγούμενος
1003 833 1263 913 Καλλίστρα-

151 922 219 1002 τός
238 943 331 1010 φησι,
355 922 437 1002 κατά
458 920 496 992 τά
520 920 635 1010 ὀρθῶς
658 928 752 1009 ἔχον·
774 922 850 1010 οὐχὶ
872 927 910 992 έν
928 932 975 1017 τῷ
997 931 1198 1017 δικαστηρίῳ
1216 933 1263 1017 τῷ

150 1022 183 1092 δ’
201 1021 349 1112 ἡλιάσεις
370 1028 457 1115 (sic).
478 1023 605 1113 μήποτε
627 1028 664 1094 δὲ
687 1034 794 1107 ψιλῶς
814 1030 1069 1116 προσενεκτέον,
1091 1027 1181 1117 παρά
1201 1030 1263 1116 τὴν

145 1122 308 1213 Ἡλιαίαν,
328 1125 413 1215 πρὸς
432 1124 532 1213 ἥλιον
552 1128 712 1196 δικάσειν.
735 1127 803 1216 άμα
825 1131 862 1197 δὲ
885 1136 990 1212 παίζει
1013 1131 1102 1218 παρά
1122 1130 1185 1218 τὴν
1202 1137 1264 1199 τοῦ

19 1297 21 1303 ,
149 1224 248 1314 ἡλίου
268 1227 463 1315 ὀνομασίαν.
495 1237 633 1319 ψυχρῶς
656 1231 693 1298 δὲ
716 1237 872 1318 πέπαιχε,
893 1234 997 1319 φησὶν
1018 1229 1036 1300 ὁ
1058 1236 1262 1320 Δίδυμος,

150 1329 235 1414 πρὸς
253 1328 415 1418 τοῦνομα.
451 1332 567 1419 ἐπειδὴ
589 1332 654 1421 γάρ
676 1337 747 1419 είλη
767 1337 896 1419 λέγεται
918 1333 939 1422 ἡ
961 1341 1023 1403 τοῦ
1042 1331 1141 1422 ἡλίου
1163 1332 1264 1422 αὐγή,

144 1429 275 1501 Ἡλιαία
303 1431 340 1500 δὲ
361 1433 399 1501 τὸ
422 1435 658 1522 δικαστήριον,
691 1441 824 1516 παίζων·
839 1442 944 1523 ἔφησε
966 1436 1051 1524 πρὸς
1072 1438 1263 1524 φιλόδικον,

150 1532 214 1622 ὅτι,
237 1534 376 1604 ἐπειδάν
398 1533 526 1625 άνάσγη
548 1535 566 1603 ὁ
590 1535 702 1624 ἥλιος,
725 1534 871 1623 ἡλιάζειν
893 1542 1022 1607 ἐνέσται
1047 1559 1111 1608 σοι.
1156 1537 1265 1621 οὕτως

150 1639 187 1705 δὲ
214 1641 248 1705 οί
263 1634 404 1706 Ἀττικοὶ
428 1639 485 1706 διά
506 1647 568 1706 τοῦ
591 1643 698 1725 ίείλην
724 1642 892 1724 λέγουσιν.
937 1639 1026 1708 οὕτω
1059 1646 1264 1728 Δίδυμος.

150 1740 281 1804 Abhinc
298 1740 485 1827 Symmachi
507 1741 610 1808 verba
625 1745 788 1827 leguntur.
810 1738 890 1807 ίίδιάι
911 1744 974 1807 τοῦ
993 1765 1023 1807 ει
1044 1743 1098 1808 vel
1120 1746 1264 1821 ψιλοῦν-

149 1865 204 1919 τες
224 1844 343 1926 είληνῖ

676 1934 727 1993 60.

239 2045 468 2132 10710933).
492 2055 579 2122 τοῖς
600 2041 816 2128 ἠπιάλοις·
833 2083 876 2095 -
894 2047 1088 2131 Δίδυμος
1110 2048 1149 2113 δέ
1168 2063 1263 2131 φησι,

151 2149 292 2230 δαίμων,
310 2140 352 2210 ὃν
367 2141 531 2230 Ἠπιάλην
553 2148 608 2212 καί
634 2149 745 2231 Τίφην
764 2147 819 2212 καὶ
841 2141 982 2212 Εάόπαν
1005 2151 1179 2215 καλοῦσιν.
1210 2147 1263 2214 Of.

150 2273 182 2337 p.
206 2254 256 2313 51.
280 2250 300 2310 2
323 2257 356 2314 et
373 2249 518 2314 Boeekh.
544 2249 632 2335 expl.
657 2250 753 2315 Pind.
776 2272 808 2336 p.
833 2252 905 2315 271.

678 2387 730 2447 61.

240 2508 319 2568 1099
355 2502 479 2590 (1058).
522 2499 622 2582 πρὶν
652 2505 798 2566 ταῦτα·
832 2499 873 2565 τά
905 2501 986 2584 πρὶν
1018 2499 1264 2586 κατορθώματα

152 2602 314 2672 άπάλετο.
359 2611 392 2669 Δ
400 2607 415 2668 ί
420 2604 440 2667 δ
448 2598 552 2687 υμός
584 2620 704 2688 φησιν,
740 2597 785 2680 ὡς
803 2599 981 2692 παρῴδησε
1002 2605 1106 2666 ταῦτα
1135 2601 1264 2666 ἐκτῶν

155 2708 399 2793 Τιμοκρέοντος
419 2708 481 2770 τοῦ
494 2699 625 2770 Ῥοδίου
647 2706 702 2793 (fr.
728 2712 747 2770 7
768 2728 800 2791 p.
824 2707 886 2769 942
908 2704 1032 2790 Bergk.
1058 2703 1109 2767 ed.
1131 2704 1176 2788 2).

681 2862 733 2924 62.

239 2981 318 3042 1217
342 2979 466 3066 (1173).
512 2980 781 3061 Καρδοπίων·
816 2974 871 3042 καὶ
898 2978 998 3040 τοῦτο
1026 2967 1111 3058 άρχὴ
1132 2971 1261 3058 μάθον.

151 3083 357 3163 Δίδυμος·
392 3074 410 3145 ὁ
440 3082 645 3163 Καρδοπίων
674 3078 834 3165 ζητητέος.
868 3071 1025 3161 οὐδαμοῦ
1045 3078 1262 3166 κωμῳδεῖται.

150 3176 225 3249 άλλ’
240 3177 436 3267 Ἀγκυλίων,
459 3183 513 3249 ἐπὶ
527 3186 573 3273 τῷ
588 3179 651 3269 τὴν
666 3183 791 3268 μητέρα
811 3182 921 3259 κακῶς
935 3179 1133 3246 διατιθέναι.
1157 3182 1263 3245 λείπει

151 3282 188 3348 δὲ
207 3285 342 3363 ἔτυψεν.

678 3374 730 3435 63.

238 3493 318 3555 1319
341 3489 465 3576 (1300).
489 3477 675 3567 έοικαςά
689 3489 919 3572 πρεσβῦτα·
943 3479 1262 3567 Δίδνμόςφησιν,

151 3585 336 3671 άδιανόητα
357 3588 503 3655 σκάπτει
524 3591 686 3655 ἐνταῦθα.
707 3584 746 3653 τὰ
769 3584 807 3653 δὲ
829 3587 928 3672 τρυγὶ
950 3580 996 3663 ὡς
1013 3581 1099 3666 πρὸς
1117 3606 1263 3667 γεγηρα-

151 3686 234 3753 κότα
252 3688 352 3771 λέγει.

679 3776 731 3836 64.

239 3893 319 3956 1128
344 3891 467 3978 (1379).
491 3895 553 3954 ίθι
575 3914 643 3973 μοι
666 3881 902 3971 παράστηθ’
925 3880 1152 3971 άντιβολοῖ·
1175 3884 1263 3971 γυνή

152 4018 202 4074 τις
225 3990 412 4080 ὑβρισμένη
432 3986 500 4058 ὑπὸ
522 3996 583 4057 τοῦ
605 3993 762 4077 γέροντος
785 3993 889 4055 δεῖται
911 3990 974 4053 τοῦ
996 3989 1075 4053 υίοῦ
1095 3993 1264 4074 βοηθῆσαι

151 4094 244 4184 αὐτῇ.
293 4099 480 4179 Δίδυμος
501 4091 539 4160 δὲ
561 4090 750 4178 άρτόπωλις
770 4091 870 4175 λέγει.

683 4251 734 4311 65.

235 4368 367 4433 ΊἾιοεαι.
399 4371 435 4433 31
473 4368 508 4432 οί
530 4367 606 4453 περὶ
630 4360 846 4451 Ἀρίσταρχον
874 4362 930 4428 καί
958 4362 1154 4525 Διίξυμόν
1181 4379 1264 4448 φασι

1041 4469 1058 4510 ε
