2962 5018
1176 370 1238 489 aiz

131 583 185 647 καὶ
213 583 419 666 γηθυλλίδας
441 580 534 649 δύο’.
580 535 633 652 κάλ
653 580 894 671 Ἀριστοφάνης
913 590 1136 654 Αἰολοσίκωνι
1159 592 1241 656 δευ-

129 683 231 801 τέρῳ·
270 689 358 750 (τῶν
397 685 433 750 δὲ
473 684 616 770 γηθύων
651 689 740 773 ῥίζας
777 690 917 770 ἔχουσας
951 691 1241 775 σκοροδομίμητον

157 795 259 850 υσιν’.

129 807 155 867 φ
214 887 332 952 Nostro
356 889 456 973 igitur
477 911 536 953 sua
558 890 654 955 debet
669 889 861 976 >Hesychius
884 913 910 953 s.
934 913 982 953 v..
997 890 1149 989 γήθυα·
1174 888 1239 979 άμ-

128 985 334 1072 πελόπρασα,
355 991 390 1054 οί
409 989 445 1056 δὲ
466 993 684 1075 γηθυλλίδας,
706 992 741 1055 οί
757 988 794 1055 δὲ
810 986 937 1073 μεγάλα
952 994 1120 1079 κρόμμυα,
1141 990 1237 1062 άλλοι

126 1087 249 1172 χλωρά.
273 1113 298 1154 s.
323 1114 353 1155 v.
377 1090 515 1177 γήτια·
538 1090 709 1178 κρόμμυα,
733 1086 829 1158 άκαὶ
851 1091 967 1179 γήθυα
990 1102 1182 1164 καλοῦνται.

664 1285 697 1365 7.

411 1410 648 1500 ’Υπόμνημα
669 1413 939 1499 Μενάνδρου.

211 1541 319 1606 Etiam
340 1543 380 1607 de
404 1543 654 1630 hypomnematc
670 1541 869 1607 Menandrcc
885 1552 1013 1609 constat
1029 1567 1073 1609 ex
1087 1555 1130 1608 et.
1147 1545 1234 1611 Gud.

125 1644 197 1724 338,
219 1645 260 1706 20
283 1643 557 1728 Κορύβαντες
578 1644 734 1724 δαίμονες
756 1637 880 1726 οὕτως,
904 1646 1025 1721 οἵτινες
1046 1644 1236 1728 ἐτάχθησαν

125 1740 309 1824 φυλάττειν
331 1740 393 1809 τὸν
415 1747 492 1810 Δία.
519 1740 608 1827 παρὰ
631 1739 668 1808 τὸ
691 1741 832 1828 κρύβειν
848 1741 910 1811 τὸν
932 1750 999 1812 Δία
1018 1744 1235 1830 Κορύβαντες

125 1841 209 1909 κατὰ
232 1842 445 1931 πλεονασμὸν
467 1849 529 1912 τοῦ
549 1869 577 1909 ο.
612 1837 634 1928 ή
657 1845 691 1908 οί
708 1840 771 1928 τὴν
791 1843 907 1930 Κόρην
925 1847 1130 1932 καταβάντες
1151 1841 1233 1912 άνα-

124 1957 240 2030 γαγεϊν
264 1947 319 2012 καὶ
343 1944 388 2033 μή
416 1942 654 2030 ὑποστρέφειν.
697 1943 930 2033 Κορύβαντες,
965 1944 1010 2025 ὡς
1037 1946 1233 2032 μυθεύεται,

124 2043 176 2113 ὅτι
199 2051 377 2115 κατέπινεν
399 2045 568 2134 ὁΚρόνος
587 2043 627 2113 τά
650 2043 715 2114 άπὸ
741 2044 896 2132 τήςῬέας
913 2050 1023 2115 τέκνα.
1054 2044 1143 2115 οὕτω
1157 2055 1234 2117 Δί-

124 2152 144 2215 δ
151 2174 253 2236 υμος
268 2153 306 2216 ἐν
328 2145 543 2236 ὑπομνήματι
565 2144 783 2232 Μενάνδρου.

162 2250 167 2262 “
208 2253 418 2318 Timachidae
433 2254 684 2318 commentarius
700 2253 734 2315 in
748 2251 921 2316 Menandri
943 2251 1081 2318 Κόλακα
1103 2255 1233 2318 emeruit

123 2378 226 2441 nuper
250 2378 292 2418 cx
307 2364 405 2441 etym.
424 2353 561 2418 Scrbon.
583 2354 626 2417 ad
646 2376 678 2438 p.
692 2356 765 2434 490,
777 2355 817 2416 39
838 2353 955 2435 Gaias„
977 2354 1020 2417 cf.
1043 2356 1083 2419 Ο.
1100 2356 1232 2420 Schnei-

124 2456 193 2519 dcr.
217 2457 250 2518 in
274 2455 355 2518 diar.
379 2454 503 2539 antiqq.
527 2452 696 2537 Marburg.
722 2456 800 2516 1848
823 2454 856 2538 μ.
880 2455 952 2516 792.
974 2492 1017 2502 -
1034 2455 1145 2519 Nostri
1168 2476 1232 2519 non

124 2557 243 2622 oblitus
273 2565 322 2620 est
350 2552 494 2618 Meinek.
523 2563 648 2640 quaest.
681 2575 768 2617 accn.
799 2553 851 2616 III
879 2576 911 2640 p.
936 2558 955 2615 5
988 2554 1136 2639 prolcgg.
1165 2553 1232 2617 Me·

121 2659 237 2724 nandr.
260 2681 293 2745 p.
316 2654 476 2721 XXXIII
498 2677 546 2741 aq.

209 2757 439 2826 Commentarii
455 2755 593 2842 Didymi
609 2755 802 2820 Menandrci
816 2757 1029 2841 intellegendi
1045 2765 1120 2821 sunt
1135 2757 1233 2821 ctiam

123 2886 175 2950 ap.
191 2862 292 2927 schol.
312 2863 371 2926 Ar.
386 2859 474 2923 Avv.
496 2858 576 2922 1738
590 2857 701 2944 (1740)
717 2861 796 2921 1749
819 2847 975 2941 cipriani
997 2850 1159 2942 ὑμέναι’
1187 2848 1231 2922 ai·

122 2960 221 3049 ήδετο
243 2965 343 3026 τούτο
367 2960 403 3025 ἐν
425 2970 493 3037 τοῖς
514 2955 642 3042 γάμοις.
689 2962 816 3041 είρηται
838 2957 875 3023 δὲ
896 2963 996 3023 τοῦτο
1014 2958 1051 3022 ἐν
1066 2968 1136 3034 τοῖς
1159 2961 1232 3022 Με-

124 3065 312 3147 νανδρείοις
335 3064 395 3149 (sc.
419 3054 682 3147 ὑπομνήμασιν).
926 3056 928 3060 ⁴

208 3165 309 3229 Secus
320 3165 426 3228 visum
440 3161 606 3226 Meinekio
621 3160 792 3225 Menandr.
807 3169 840 3225 ct
852 3159 990 3224 Philem.
1005 3160 1097 3247 reliq.
1110 3183 1142 3246 p.
1156 3161 1228 3222 280.

124 3268 176 3332 c'f.
209 3275 318 3330 tamen
344 3266 384 3330 Ο.
406 3263 596 3329 Schneider.
627 3262 667 3325 de
696 3261 777 3326 font.
806 3261 919 3327 acholl.
944 3261 1004 3324 Ar.
1033 3283 1065 3345 p.
1091 3262 1144 3340 15,
1177 3261 1230 3322 cui

122 3369 211 3434 favet
233 3367 385 3434 vocabuli
409 3371 535 3450 εἴρηται
558 3365 620 3428 vis.

646 3554 706 3635 12.

429 3685 483 3758 Τὰ
506 3684 599 3767 περὶ
622 3688 845 3766 Κρατίνου.
868 3676 924 3762 (3)·

206 3814 461 3894 Grammaticos,
502 3813 557 3897 qui
590 3809 720 3896 quidem
752 3809 785 3871 in
820 3801 990 3867 Cratinum
1022 3801 1228 3863 commentati

121 3925 210 3999 sunt,
240 3938 304 3981 non
325 3915 390 3978 nisi
411 3913 492 3977 duos
511 3910 739 3995 cognovimns,
758 3900 990 3988 Asclepiadem
1011 3899 1226 3986 Myrleanum‚

120 4019 161 4083 de
179 4039 244 4105 quc
262 4017 341 4082 vide
355 4018 396 4080 A.
410 4011 554 4077 Meinek.
566 4016 691 4098 quaest.
704 4029 749 4071 sc.
762 4005 815 4069 III
837 4028 869 4091 p.
881 4008 899 4066 1
916 4002 956 4066 Ο.
969 4000 1158 4065 Schneider.
1185 3998 1227 4064 de

120 4118 201 4183 font.
223 4119 324 4183 schol.
343 4116 445 4180 Arist.
468 4137 500 4200 p.
523 4116 574 4185 90.
601 4115 659 4173 107
681 4108 797 4172 Lehrs.
819 4104 918 4170 anall.
940 4123 1077 4187 gramm.
1098 4122 1130 4186 p.
1153 4104 1226 4181 441,

121 4226 153 4281 ct
180 4218 403 4283 Callistratum
431 4210 705 4296 Aristophancum
739 4207 793 4293 (R.
823 4202 979 4271 Schmidt.
1013 4200 1054 4264 de
1083 4199 1225 4264 Callistr.

117 4341 150 4404 p.
174 4321 235 4382 325
265 4319 315 4383 ed.
338 4314 495 4397 Nauck).
539 4310 625 4375 Huic
648 4307 843 4394 Didymum,
867 4304 1019 4464 quauqqiq
1040 4301 1225 4366 dubitanter
