2962 5024
239 397 300 458 240

770 561 821 623 62.

323 679 432 745 Schol.
457 678 553 764 Pyth.
577 681 635 756 ς4
665 675 703 741 ἐν
728 681 768 763 τῇ
789 674 992 764 πολυχρύσῳ
1014 671 1220 764 Ἀπολλωνίᾳ
1250 674 1353 764 νάπῃ,

237 780 313 867 περὶ
337 770 376 865 ἧς
403 779 440 844 ἐν
462 783 610 845 Παιᾶσιν
631 783 769 863 είρηται.
815 779 895 843 ibid.
920 776 988 842 ἐκεῖ
1011 775 1075 861 γὰρ
1103 771 1123 862 ἡ
1144 774 1353 845 Ἀπολλωνία

236 881 345 968 νάπη,
366 881 443 965 περὶ
463 869 504 965 ἧς
525 881 563 945 ἐν
581 884 729 946 Παιᾶσιν
751 885 890 964 είρρται.
916 873 967 945 Of.
984 880 1131 945 Boeckh.
1148 881 1235 967 expl.
1252 881 1351 946 Pind.

235 1012 267 1075 p.
291 988 363 1050 286.

770 1088 822 1148 63.

324 1202 431 1268 Schol.
456 1201 554 1288 Pyth.
576 1206 624 1266 ΙΒ
644 1204 685 1263 45
708 1205 836 1285 είρηται
858 1196 895 1264 δὲ
915 1200 970 1265 καί
991 1202 1029 1265 ἐν
1049 1204 1174 1268 Παιᾶσι
1196 1201 1272 1286 περὶ
1294 1194 1351 1265 αὐ-

234 1307 382 1389 λητικῆς.
427 1302 480 1366 De
508 1304 570 1368 hac
591 1301 732 1367 formula
755 1307 882 1385 εἴρηται
907 1299 944 1366 δὲ
967 1302 1122 1367 dixerunt
1141 1302 1288 1367 Boeckh.
1316 1325 1348 1389 p.

236 1404 348 1470 XVII.
375 1405 495 1470 XVllI
518 1404 641 1468 XXIX
671 1405 711 1469 Ο.
731 1403 922 1468 Schneider.
955 1404 996 1468 de
1024 1405 1105 1489 font.
1141 1405 1200 1468 Ar.
1233 1403 1349 1468 scholl.

234 1531 266 1595 p.
293 1512 340 1571 14.
368 1512 416 1571 15.

763 1611 814 1672 64.

229 1807 235 1817 ,
322 1728 430 1793 Schol.
457 1728 560 1792 Arist.
584 1726 669 1791 Plut.
701 1731 720 1790 9
750 1724 806 1789 καὶ
835 1723 875 1789 τὰ
897 1721 960 1809 μὲν
982 1728 1059 1811 περί
1084 1729 1147 1791 τοῦ
1168 1723 1347 1810 Πινδάρου

236 1832 395 1912 τρίποδος
438 1825 611 1913 διαφόρως
644 1824 868 1912 ἱστορούμενα
914 1827 957 1893 ἐν
994 1839 1083 1906 τοῖς
1122 1824 1347 1911 Πινδάρου

234 1925 388 2014 ὕμνοις
409 1924 572 2014 εὐκαίρως
587 1924 667 2014 ἡμῖν
688 1932 885 2011 διείληπται.

319 2047 372 2110 De
397 2047 542 2133 Didymo
565 2048 739 2134 principali
764 2047 960 2120 scholiorum
988 2055 1172 2112 nostrorum
1198 2058 1347 2113 veterum

235 2151 269 2212 in
290 2148 469 2212 Pindarum
491 2148 580 2213 fonte
608 2149 725 2231 omnia,
751 2170 834 2234 quae
856 2148 922 2212 diei
941 2159 1093 2234 possunt,
1112 2151 1284 2236 occupavit
1302 2151 1345 2214 A.

235 2248 438 2331 Boeckhius,
462 2248 692 2314 dilectIssimus
714 2259 919 2336 praeceptor,
936 2251 969 2313 in
991 2249 1094 2336 praef.
1112 2250 1154 2314 ad
1176 2251 1289 2316 scholl.
1311 2275 1343 2338 p.

234 2351 287 2414 IX
303 2389 346 2398 —
363 2349 501 2432 XVIII,
543 2351 769 2439 persuasitque
802 2350 841 2414 Ο.
882 2349 1081 2415 Schneidero
1128 2351 1184 2415 Fr.
1217 2353 1344 2417 Rittero

233 2452 448 2538 Bernhardyo
476 2451 735 2517 Schneidewino.
779 2451 877 2515 Hunc
899 2453 1001 2536 igitur
1029 2451 1095 2537 legi
1117 2463 1215 2540 atque
1241 2454 1345 2539 relegi

234 2555 342 2620 iubeo.
387 2554 440 2640 De
459 2546 722 2619 antecessoribus
747 2575 825 2617 vero
845 2552 1000 2639 Didymi,
1029 2554 1178 2641 inprimis
1200 2556 1344 2620 Aristar-

233 2655 286 2720 chi
309 2656 426 2720 studiis
441 2655 641 2738 Pindaricis,
661 2677 736 2720 oum
750 2655 848 2719 huius
869 2654 933 2719 loci
958 2675 1022 2717 non
1046 2656 1089 2719 sit
1110 2656 1272 2722 disserere
1288 2680 1343 2721 ex-

232 2759 412 2845 planatius,
435 2759 512 2823 data
534 2779 633 2846 opera
655 2755 898 2823 commentabar
920 2757 954 2819 in
974 2756 1158 2857 Aristarchi
1180 2757 1344 2843 fragmen-

232 2875 356 2941 torum,
379 2881 477 2947 quam
499 2861 621 2926 dudum
642 2859 774 2942 molior,
795 2857 996 2924 collectione.
1138 2858 1139 2861 ’

772 3105 806 3183 l·

540 3246 764 3335 [Αἰσχύλου
792 3247 1037 3339 ἐξηγήσεις]

316 3401 474 3488 Aeschyli
496 3404 668 3468 lectionem
688 3404 775 3491 apud
797 3404 1039 3469 Alexandrinos
1067 3401 1132 3468 nou
1154 3403 1251 3490 plane
1270 3403 1341 3488 qui-

232 3503 308 3567 dem
328 3504 510 3589 neglectam
531 3505 671 3570 iacuisse
684 3505 988 3593 G.Bernhardy1un
1010 3507 1072 3571 litt.
1096 3505 1154 3570 Gr.
1177 3504 1253 3568 hist.
1269 3524 1341 3566 suc·
1443 3527 1449 3536 ·

232 3605 327 3669 oinct.
350 3628 382 3691 p.
403 3609 464 3671 782
486 3616 573 3672 reete
594 3608 795 3673 conclusisse
814 3630 832 3672 e
850 3608 952 3674 schol.
976 3610 1111 3675 Theocr.
1130 3606 1166 3670 X
1183 3608 1221 3670 18
1243 3603 1341 3691 (Her-

231 3726 340 3769 mann.
362 3728 473 3793 opusc.
496 3709 573 3797 Vp.
591 3712 655 3795 12),
676 3710 733 3774 ubi
752 3705 962 3793 Ἀρίσταρχος
978 3711 1015 3774 ἐν
1037 3703 1252 3793 ὑπομνήματι
1267 3711 1340 3771 Λυ-

231 3807 382 3891 κούργου
403 3807 567 3893 laudatur,
595 3819 692 3897 atque
715 3835 758 3877 ex
778 3811 946 3897 Hesychio
968 3809 1187 3895 ἐναροφόρος,
1209 3832 1240 3894 q.
1262 3807 1284 3871 l.
1309 3807 1344 3870 οί

232 3901 524 3993 ὑπομνηματισιαί
554 3912 771 3997 advocantur,
801 3934 874 3978 mea
898 3913 995 3977 etiam
1023 3911 1089 3976 fert
1115 3912 1242 3998 opinio,
1270 3908 1339 3994 ‚sed

230 4017 377 4074 nostrum
394 4012 429 4075 in
444 4010 644 4098 Aeschylum
665 4037 793 4102 quoque
816 4021 1067 4079 commentatum
1087 4034 1160 4077 esse
1179 4031 1339 4097 nusquam

230 4109 369 4175 relatum
397 4114 520 4178 inveni.
564 4114 677 4179 Nihilo
702 4124 812 4179 tamen
835 4116 958 4197 secius,
986 4115 1118 4200 siquid
1147 4116 1182 4178 in
1205 4112 1338 4177 scholiis

229 4232 295 4275 non
317 4213 414 4300 plane
438 4215 711 4280 contemnendum
731 4218 939 4302 conspicitur,
961 4215 1024 4280 hoc
1044 4215 1105 4280 soli
1121 4215 1266 4301 Didymo
1286 4234 1337 4277 ac-

228 4321 357 4398 ceptum
373 4336 445 4377 esse
459 4312 666 4379 referendum
686 4315 836 4382 arbitror.
861 4317 958 4381 Certe
970 4317 1339 4404 hypomnematistarum
