2932 5002
1183 378 1246 441 365

134 570 275 637 quonam
304 569 322 612 e
349 555 441 612 tanta
468 547 687 633 Didymorum
720 545 853 609 cohorte
884 541 1018 607 Servius
1051 542 1082 606 h.
1109 541 1131 606 l.
1164 552 1248 607 teste

134 660 255 715 utatur.
306 648 346 712 In
374 670 509 714 censum
543 650 630 713 enim
654 647 768 711 venire
797 666 894 732 posse
927 643 1057 710 videtur
1084 644 1248 730 Didymus

137 750 383 816 Alexandrinus
406 750 515 815 iunior
531 749 768 834 Georgicorum
789 747 943 834 scriptor,
961 745 1068 832 quode
1083 744 1126 810 cf.
1142 744 1248 809 Need-

135 852 223 919 hami
244 851 402 940 ‘prolegg.
438 851 542 940 Geop.
568 849 633 915 vol.
653 850 670 913 l
693 871 725 935 p.
748 847 845 912 LVII
874 846 925 913 ed.
946 846 1031 912 Nicl.
1075 846 1140 912 Hic
1163 847 1250 911 enim

138 955 301 1043 expilatur
326 954 431 1042 Geop.
455 953 507 1018 XI
529 958 560 1035 4,
589 952 688 1039 inque
716 950 862 1015 eiusdem
885 946 961 1013 libri
982 969 1054 1036 cap.
1076 953 1095 1011 5
1114 949 1157 1014 ad
1178 971 1250 1013 ver-

136 1056 214 1121 bum
243 1057 312 1122 fere
338 1055 492 1141 leguntur
510 1053 652 1135 Graece,
682 1052 724 1118 de
750 1050 869 1139 quibus
892 1049 993 1115 latine
1014 1058 1251 1116 commentatur

138 1158 274 1224 Servius
295 1157 316 1222 l.
338 1149 512 1240 1.,διττ6ν
533 1155 570 1219 αι’
590 1149 793 1238 κυπάρισσοι
814 1146 923 1236 ὄνομα
944 1153 1098 1236 ἔχουσιν,
1120 1146 1251 1235 χάριτες

136 1256 199 1344 μὲν
220 1255 277 1325 διά
299 1254 361 1343 τὴν
380 1257 517 1342 τέρψιν,
547 1251 751 1338 κυπάρισσοι
773 1250 810 1320 δὲ
830 1251 887 1319 διά
910 1248 946 1319 τὸ
968 1250 1067 1319 κάειν
1088 1254 1252 1336 παρίσους

137 1356 217 1437 τούς
249 1382 285 1425 τε
317 1355 464 1436 κλάδους
494 1356 549 1422 καλ
584 1351 666 1433 τούς
695 1354 857 1440 καρπούς.
908 1355 1111 1437 Quibuscum
1140 1352 1252 1418 Niclas

137 1461 280 1526 conferri
301 1461 392 1526 iubet
416 1458 568 1524 Eustath.
593 1458 632 1523 Il.
652 1458 680 1522 B
699 1480 731 1544 p.
746 1460 808 1522 274
835 1457 921 1545 [267]
948 1454 1024 1523 κάει
1046 1447 1251 1539 παρίσουςὴ

138 1560 348 1647 κυπάρισσος
370 1559 527 1639 κλάδους.
560 1561 606 1625 At
627 1560 689 1625 hoc
708 1567 933 1644 argumentum
957 1557 1082 1622 nullum
1101 1565 1160 1621 est.
1192 1555 1252 1620 Pa-

139 1685 210 1727 rum
232 1664 319 1728 enim
337 1661 495 1728 credibile
519 1670 570 1726 est
590 1663 679 1748 ipsos
701 1660 749 1723 rei
771 1661 913 1724 rusticae
935 1661 1126 1747 scriptores,
1148 1659 1253 1745 Didy-

139 1786 227 1827 mum
254 1762 481 1827 Florentinum
505 1763 716 1845 Cassianum,
750 1761 851 1826 aliurn
878 1761 976 1826 aliam
1005 1760 1152 1826 fabulam
1173 1761 1254 1824 inte·

140 1866 268 1947 xnisse,
296 1886 377 1951 quas
399 1865 442 1930 ad
466 1886 565 1930 unam
588 1886 700 1929 omnes
722 1864 869 1929 eiusdem
890 1846 1032 1928 auctoris
1055 1885 1128 1927 esse
1146 1862 1253 1928 foetus

142 1965 236 2031 stilus
256 1965 411 2032 clamitat.
444 1966 495 2031 Ac
514 1965 721 2033 Needbemus
743 1967 874 2054 quidem
896 1963 1118 2052 Nicolausque
1139 1964 1255 2029 Nesto·

140 2068 187 2132 ris
202 2067 426 2133 Larandensis
448 2090 488 2133 ex
503 2068 610 2155 Lycia
632 2069 839 2153 suspicantur
853 2065 912 2129 has
926 2063 1057 2131 fabulas
1075 2088 1157 2150 esse,
1177 2087 1255 2153 qua·

142 2192 215 2234 rum
242 2170 419 2235 nonnullae
448 2169 501 2234 hic
530 2168 682 2254 legantur
709 2168 774 2235 vol.
798 2170 815 2232 I
842 2191 875 2256 p.
897 2167 1016 2231 LXIII
1049 2166 1106 2253 (cf.
1130 2165 1255 2231 Haller.

141 2270 222 2334 bibl.
245 2271 362 2336 Botsn.
384 2271 423 2335 T.
446 2271 462 2334 I
485 2295 517 2358 p.
537 2273 611 2356 47),
633 2270 829 2335 Lambecius
849 2279 973 2352 contra,
993 2271 1046 2334 cui
1068 2291 1127 2333 nos
1150 2267 1256 2332 calcu·

143 2371 210 2435 lum
237 2371 402 2454 addimus,
439 2370 602 2458 Pamphili
629 2371 843 2435 Aristarchei.
887 2370 979 2434 Haec
1001 2371 1087 2433 enim
1110 2368 1257 2433 Galenus

145 2472 290 2558 Simplic.
314 2472 362 2537 VI
385 2473 524 2561 praefat.
544 2494 576 2558 p.
600 2474 641 2537 68
661 2493 711 2556 pr.
733 2475 773 2536 69
791 2493 841 2557 pr.
865 2466 956 2535 οὕτω
979 2468 1033 2554 δή,
1055 2470 1175 2557 inquit,
1203 2468 1257 2532 καί

145 2572 322 2658 Πάμφιλος
346 2570 525 2657 ἐποιήσατο
548 2571 610 2657 τὴν
636 2572 711 2657 περὶ
736 2575 890 2656 βοτανῶν
907 2573 1151 2656 πραγματείαν·
1181 2564 1257 2635 ἀλλ’
1306 2635 1309 2640 ,

145 2674 271 2752 ἐκεῖνος
302 2672 365 2760 μὲν
398 2680 446 2753 είς
478 2697 513 2740 τε
541 2672 678 2760 μύθους
705 2677 821 2758 γραῶν
853 2695 946 2752 τινας
976 2667 1171 2756 ἐξετράπετο
1203 2674 1261 2735 καί

145 2801 238 2855 τινας
267 2781 419 2862 γοητείας
443 2780 679 2861 Αἰγυπτίας
711 2770 873 2859 ληρώδεις
902 2770 970 2860 ἅμα
1000 2771 1088 2839 τισὶν
1116 2772 1259 2862 ἐπῳδαῖς

146 2875 210 2943 κτὲ.
255 2880 365 2966 Atque
387 2881 458 2967 ipsa
480 2878 547 2961 illa,
571 2877 658 2964 quod
680 2887 861 2942 memoratu
883 2886 933 2942 est
954 2877 1193 2963 dignissimum,
1218 2877 1259 2941 de

145 3002 300 3066 cupresso
327 2979 441 3045 fabula
469 2989 519 3044 est
543 2979 709 3064 Aegyptia
744 2978 881 3044 Graecis
908 2981 1153 3046 accommodata
1184 3001 1258 3045 con-

148 3080 344 3147 dicionibus.
390 3080 482 3162 Quae
514 3082 601 3145 enim
629 3081 892 3167 Geoponicorum
920 3091 1032 3146 auctor
1061 3083 1102 3148 de
1128 3083 1258 3149 filiabus

147 3182 292 3248 Eteoclis
310 3183 455 3265 tradidit,
473 3184 591 3248 eadem
614 3182 654 3247 de
675 3171 856 3269 ¹Cyparisso
877 3205 977 3269 puero
998 3185 1164 3272 Aegyptio
1185 3207 1257 3249 nar-

146 3294 198 3348 rat
225 3284 336 3350 Taetz.
365 3287 398 3349 in
428 3285 528 3351 schol.
558 3284 600 3348 ad
629 3306 724 3369 exeg.
751 3286 785 3348 in
806 3283 902 3352 Iliad.
930 3310 963 3375 p.
988 3289 1047 3352 138
1070 3286 1121 3350 ed.
1144 3285 1258 3349 Herm.

147 3382 367 3471 Κυπάρισσος
389 3380 512 3468 ὡραῖος
534 3376 577 3470 ἦν
596 3389 772 3463 νεανίσκος
794 3392 825 3450 A
832 3384 1047 3472 ίγάπτιος,
1069 3376 1113 3451 οὗ
1135 3384 1260 3451 πεσόν-

148 3510 205 3564 τος
225 3488 280 3552 καὶ
302 3482 546 3572 άποπνιγέντος
565 3488 603 3553 ἐν
625 3488 743 3573 φρέατι
759 3489 795 3553 οι*
813 3483 895 3553 καθ’
916 3480 997 3572 αἷμα
1011 3491 1073 3552 τοῦ
1094 3483 1175 3551 νέον
1197 3482 1260 3569 τὴν

148 3585 371 3673 κυπάρισσον,
393 3588 493 3672 μήπω
516 3593 728 3673 καλουμένην
749 3587 978 3672 κυπάρισσον,
1002 3591 1049 3665 είς
1070 3583 1178 3672 ὄνομα
1198 3591 1260 3651 τοῦ

149 3687 294 3769 δένδρου
336 3687 623 3773 κατωνομάκασιν.
690 3690 828 3753 Fontem
878 3686 1040 3774 Pamphili
1079 3688 1259 3775 Didymum

149 3787 252 3852 fuisse
275 3808 295 3851 a
316 3789 603 3855 verisimilitudine
627 3811 692 3854 non
714 3789 878 3854 abhorret.
922 3788 1060 3855 Accedit
1085 3791 1187 3878 quod,
1211 3791 1261 3854 uti

148 3897 236 3953 recte
267 3887 421 3955 observat
453 3889 566 3955 Nicias
598 3889 663 3955 vol.
694 3890 728 3954 II
762 3912 794 3976 p.
815 3893 893 3974 789,
918 3897 951 3973 1,
983 3901 1052 3957 tota
1079 3890 1193 3955 fabula
1220 3890 1261 3954 de

150 3990 291 4077 Daphne
324 3992 357 4055 in
387 3989 520 4055 scholiis
547 3991 683 4057 Homeri
712 3991 775 4078 (D)
807 3992 917 4058 verbis
949 4002 1100 4058 narratur
1132 3993 1259 4057 iisdem.

149 4091 274 4178 Itaque,
294 4101 332 4157 ut
352 4094 467 4176 dicam,
487 4093 567 4179 quid
586 4093 733 4175 sentiam,
753 4093 900 4179 Geopon.
919 4093 971 4158 XI
994 4102 1090 4182 caput
1109 4093 1156 4158 IV
1180 4093 1259 4179 (vol.

149 4192 184 4255 II
211 4216 243 4278 p.
267 4196 329 4258 796
350 4196 414 4282 sq.)
443 4216 463 4258 a
489 4194 635 4281 Didymo
664 4193 879 4259 Chalcentero
905 4196 1035 4260 videtur
1063 4194 1261 4281 profectum,

145 4291 285 4378 Didymi
308 4294 526 4360 Alexandrini
543 4296 678 4360 iunioris
700 4305 751 4360 est
777 4317 847 4383 cap.
865 4296 897 4360 V
924 4296 964 4360 de
979 4294 1185 4382 plantatione
1208 4317 1261 4358 cu-
