2962 5024
605 452 805 513 -Φ-
1206 452 1262 513 171

245 621 316 682 185.
343 611 452 695 οὕτως
471 612 508 682 δέ
530 611 613 682 κατά
635 609 774 698 δοτικὴν
793 610 1021 696 ἐκγεγαῶτι
1042 615 1079 679 αί
1094 608 1267 700 Ἀριστάρ-

156 743 229 804 χου.
251 719 293 784 A.
1120 739 1122 741 ·

245 823 314 884 190.
339 818 390 884 Of.
413 818 452 882 B.

244 924 313 985 191.
334 913 545 1003 Ἀρίσταρχος
567 920 629 997 ἔξω
651 922 714 984 τοῦ
736 915 789 984 δέ·
811 920 1014 1000 κρείσσων
1036 907 1144 982 acics.
1169 918 1209 983 A.

247 1025 317 1086 195.
341 1015 453 1085 οὐδέ·
475 1015 687 1104 Ἀρίσταρχος
710 1014 817 1086 οὔτε.
840 1020 882 1085 A.

242 1125 314 1187 217.
342 1118 451 1198 οὕτως
473 1118 529 1186 διὰ
555 1125 618 1186 τοῦ
639 1121 692 1206 γέ,
716 1121 869 1206 ἐμέθεν
890 1115 923 1205 γ’
945 1119 1107 1200 ἐλάσας.
1128 1124 1170 1189 A.
1205 1123 1267 1210 [τι-

156 1221 212 1302 νὲς
234 1220 422 1300 πελάσας.
443 1222 498 1312 V.]

243 1328 314 1390 246.
335 1318 546 1409 Ἀρίσταρχος
566 1323 609 1389 έκ
626 1326 761 1409 όίνης,
783 1319 880 1392 ἄλλοι
900 1325 944 1390 ἐκ
965 1328 1118 1411 λίμνης.
1141 1328 1183 1393 Α.
1213 1327 1266 1393 Of.

157 1429 196 1493 V.
217 1436 250 1493 et
270 1426 494 1492 Aristonicum
514 1427 601 1512 apud
622 1427 745 1492 Friedl.
767 1450 799 1513 p.
819 1432 891 1494 309.

242 1531 315 1594 249.
359 1521 468 1604 οὕτως
500 1523 537 1593 δέ
571 1525 724 1594 πόνοιο
754 1529 790 1592 αί
807 1521 1027 1614 Ἀριστάρχου
1055 1527 1111 1597 διὰ
1137 1534 1200 1596 τοῦ
1231 1551 1266 1596 π.

153 1624 396 1716 Ἀριστοφάνης
418 1626 587 1714 φόνοιο,
609 1627 664 1694 καὶ
687 1624 792 1711 λόγον
814 1631 889 1713 ἔχει.
912 1629 954 1694 A.

242 1730 327 1817 [262.
350 1724 459 1808 οὕτως
479 1727 638 1813 φθάνει
662 1724 718 1796 διά
737 1733 798 1795 τοῦ
819 1728 935 1814 ε’τέρον
957 1753 984 1813 ε,
1006 1723 1048 1794 οὐ
1070 1731 1264 1814 φθονέει.

155 1833 195 1896 Β.
237 1830 390 1918 Suspicor
410 1833 485 1913 θίχα
506 1832 591 1919 τοὺ]
1218 1888 1224 1903 ,

241 1935 313 1997 265.
342 1926 558 2018 ὁρμήσειε·
591 1929 755 2017 γράφεται
777 1933 833 1999 καί
856 1928 1056 2018 οίμήσειε.
1093 1936 1267 2018 προκρίνει

156 2030 192 2098 δὲ
215 2028 277 2117 τὴν
297 2027 353 2097 διά
375 2037 436 2098 τοῦ
459 2057 479 2117 ρ
502 2030 639 2119 γραφὴν
657 2029 877 2120 Ἀρίσταρχος.
899 2035 1003 2101 AVB.

243 2134 327 2222 [232.
352 2131 389 2199 έν
411 2138 451 2220 τῇ
474 2140 738 2224 Μασσαλιωτικῇ
761 2135 993 2221 εἱρχθέντα.
1023 2135 1078 2222 V.]

241 2239 313 2301 303.
338 2236 470 2319 ἔσχεν·
490 2232 702 2322 Ἀρίσταρχος
719 2233 775 2304 διὰ
795 2244 886 2303 τοῦτ
908 2244 1033 2321 ίσχεν.
1057 2236 1099 2300 Α.

241 2339 313 2401 319.
335 2337 376 2401 V.
400 2339 500 2421 θιχως
521 2327 586 2403 οὖν
607 2333 628 2422 ἡ
650 2336 764 2422 γραφή
785 2360 830 2403 sc.
857 2335 978 2403 είλόσω
1001 2347 1034 2403 et
1055 2334 1182 2424 ίλάσω.]

242 2440 314 2503 321.
329 2476 372 2487 -
393 2431 411 2502 ό
434 2436 470 2503 δέ
491 2432 702 2523 Ἀρίσταρχος
723 2436 780 2504 διὰ
799 2443 861 2504 τοῦ
882 2462 904 2503 ν
922 2433 1089 2516 άνλέξαι
1110 2432 1186 2501 ἀντὶ
1204 2434 1267 2501 τοῦ

156 2536 297 2618 ἀλλέξαι.
321 2538 424 2604 ABV.

241 2643 313 2705 347.
334 2635 544 2724 Ἀρίσταρχος
561 2633 787 2724 άνξηράνη.
809 2641 851 2705 A.
874 2636 956 2722 μετά
978 2642 1041 2704 τοῦ
1057 2663 1094 2703 ν·
1117 2678 1160 2690 -
1176 2637 1267 2721 Ἀρι-

156 2738 327 2825 στοφάνης
348 2741 384 2807 δέ
403 2740 567 2825 γράφεται
586 2736 671 2819 αἶψ’
693 2740 939 2818 έξεναίνειν.
967 2740 1010 2805 V.
1056 2740 1107 2805 of.
1135 2739 1264 2804 Nauck.

112 2930 114 2932 q
155 2842 323 2929 Asistoph.
346 2843 428 2929 Byz.
450 2867 483 2930 p.
505 2847 556 2909 38.

240 2947 312 3008 351.
346 2944 383 3008 αί
411 2944 448 3009 ἐκ
481 2949 549 3010 τοῖν
576 2942 709 3013 πόλεων
737 2939 809 3029 ἠδὲ
832 2940 1031 3029 κνπάρων
1064 2942 1263 3031 (κύπαιρον)

156 3037 256 3127 είχον.
278 3047 320 3109 Α.

236 3150 309 3211 355.
332 3143 440 3226 οὕτως
462 3152 601 3234 πνοιῇ·
620 3150 658 3214 ἔν
679 3164 746 3213 τισι
768 3147 805 3212 63
823 3149 930 3234 ῥιπῇ.
951 3148 993 3213 A.

241 3250 314 3314 363.
345 3253 513 3333 κνίσην·
545 3245 654 3327 οὕτως
672 3244 892 3335 Ἀρίσταρχος.
925 3245 1020 3317 άλλοι
1048 3246 1085 3315 δὲ
1107 3252 1264 3330 κνίσης.

154 3349 196 3412 Α.
240 3348 321 3416 ibid.
352 3353 576 3436 Aristonicus,
601 3352 720 3418 deinde
748 3350 917 3436 γράφουσι
948 3354 988 3417 δέ
1003 3374 1091 3428 τινες
1112 3353 1266 3431 κνίσην

155 3444 220 3515 σὺν
242 3455 289 3538 τῷ
310 3476 345 3515 ν·
366 3448 474 3531 οὕτως
493 3448 557 3537 γάρ
578 3451 634 3517 καὶ
650 3448 872 3538 Ἀρίσταρχος,
893 3457 951 3519 καί
970 3470 1092 3537 φησιν,
1116 3446 1168 3515 ὅτι
1188 3446 1264 3513 ἀντὶ

155 3554 216 3614 τοῦ
238 3550 438 3637 τηκόμενος,
458 3549 540 3638 ὅπερ
563 3556 762 3639 ίσοόνναμεῑ
780 3559 826 3642 τῷ
847 3552 968 3638 τήκων.
1001 3556 1122 3636 κνίσην
1142 3550 1178 3615 δὲ
1196 3553 1264 3614 πάν

156 3646 194 3731 τό
216 3650 360 3732 πιμελές.
383 3652 424 3715 Α.
447 3652 544 3717 Adde
562 3654 601 3718 B.

241 3752 313 3814 397.
337 3744 446 3826 οὕτως
465 3745 675 3835 Ἀρίσταρχος
696 3752 910 3831 πανόψιον
931 3748 968 3816 τὸ
989 3752 1093 3816 οίονεί
1113 3745 1264 3831 πανόρα-

154 3874 215 3916 τον
236 3848 292 3915 καὶ
314 3845 469 3935 λαμπρὸν
488 3848 544 3914 καὶ
566 3851 735 3935 ἐπιφανές.
758 3853 799 3918 A.
822 3853 875 3918 Of.
899 3854 948 3934 Β,
972 3852 1028 3916 ubi
1048 3849 1264 3917 Antimachea

153 3955 252 4019 lectio
274 3959 405 4018 notatur
426 3944 651 4035 ὑπονόσφιον.

238 4057 310 4118 442.
334 4050 443 4131 οὕτως
456 4052 607 4119 ἐνταῦθα
623 4054 815 4138 μέμνηαι·
837 4054 940 4137 διπλῆ
956 4048 1021 4137 γάρ
1036 4048 1057 4139 ἡ
1074 4056 1200 4138 χρῆσις.
1220 4052 1262 4117 A.

240 4159 313 4220 446.
336 4152 502 4239 γράφεται
525 4150 662 4240 πόλει,
684 4149 730 4232 ως
747 4150 998 4240 Ἀριστοφάνης.
1021 4159 1063 4222 A.

234 4262 307 4323 454.
341 4254 450 4336 οὕτως
476 4253 686 4341 Ἀρίσταρχος
714 4253 1004 4345 τηλεδαπάων·
1040 4257 1077 4322 αί
1099 4249 1165 4321 άπό
1194 4257 1263 4320 τοῖν

152 4355 285 4423 πόλεων
305 4346 595 4445 θηλυτεράων.
615 4361 658 4425 Α.
