2962 5024
677 421 864 495 -ξ-

217 581 442 672 ὑπομνήματι.
471 584 564 648 Idem
586 583 754 649 Nauckius
774 586 1027 672 Aristophanem
1051 590 1221 674 scripsisse
1242 600 1335 677 putat

217 692 362 778 μηδέ-
384 683 636 773 άμφικάίνψον.
681 687 766 752 Num
788 683 1173 773 ἡδέ-άμφιααίύψαιῖ

300 815 370 875 190.
411 803 524 892 ὄφρα
555 831 626 891 μιν
656 802 803 871 αὐτόν·
834 802 1075 892 Ἀριστοφάνης
1104 805 1219 898 αὐτῷ
1246 811 1331 896 γρά-

218 936 275 997 φει
297 911 352 976 καὶ
373 906 410 974 τό
434 913 505 993 μίν
537 909 591 975 ἐπὶ
619 913 678 992 τῆς
704 905 836 991 Ἰδάιιης
866 914 1011 993 τίθησιν.
1046 910 1140 977 Harl.
1185 911 1330 999 Egregie

216 1012 464 1100 Aristophanes.

301 1118 374 1179 230.
396 1109 585 1195 Ζηνόδοτος
608 1116 821 1178 τίσασθαι.
843 1112 886 1176 Η.

302 1220 373 1281 274.
403 1213 598 1298 ἐφέσσαι·
627 1208 797 1298 ἡῬιανοῦ
829 1208 1085 1296 άποφάσσαι,
1121 1211 1325 1300 ἀποπέμψαι.

217 1320 310 1385 Harl.
340 1318 414 1382 Non
433 1314 600 1401 intellego.
1092 1368 1093 1371 ,

302 1437 449 1502 320—23
463 1434 503 1514 Q.
530 1435 629 1500 Vind.
651 1437 720 1499 133.
741 1434 846 1518 Harl„
862 1436 1007 1499 333-38
1025 1434 1065 1514 Q.
1090 1437 1261 1501 manifeste
1285 1460 1328 1503 ex

215 1540 403 1606 Aristonico
425 1538 536 1624 petita.
582 1536 674 1600 Idem
696 1535 785 1599 valet
806 1535 846 1599 de
869 1538 1033 1600 398-101
1062 1538 1105 1602 Η.

301 1659 373 1721 332.
415 1651 568 1737 ἐπήτης
589 1653 691 1718 ἐσσί·
726 1654 825 1738 χωρὶς
847 1657 909 1718 τοῦ
939 1657 988 1719 τέ.
1025 1659 1065 1741 τῇ
1092 1653 1129 1720 δὲ
1156 1657 1327 1743 προσῳδίᾳ

215 1755 323 1836 ἀεικές
344 1758 453 1844 (corn,
476 1757 546 1824 cod.
570 1794 610 1804 -
624 1755 698 1839 κής)
722 1775 827 1839 φησιν
846 1750 1064 1840 Ἀρίσταρχος.
1086 1757 1129 1820 Η.
1170 1758 1324 1822 Fortasse

214 1861 350 1926 Seleuco
370 1859 451 1923 haec
473 1858 570 1922 debet
589 1858 765 1944 Didymus.

142 2060 144 2064 .
298 1979 371 2041 358.
397 1977 422 2040 ’δ
429 1977 469 2040 ιδ
476 1971 556 2040 ω’σο
564 1979 656 2059 μἐν·
691 1970 923 2059 παράσχωμεν.
945 1968 1009 2039 άπό
1038 1981 1100 2041 τοῦ
1122 1979 1206 2042 διδοῖ
1226 1999 1324 2062 περι-

213 2076 404 2162 σπωμένου.
428 2078 658 2162 δυσχεραίνων
673 2073 710 2141 δὲ
732 2070 1007 2160 δἈριστοφάνης
1027 2073 1064 2142 τό
1087 2075 1324 2162 διδώσομεν

214 2176 337 2264 γράφει
350 2177 594 2262 παρέξομεν.
617 2176 672 2244 καὶ
683 2172 721 2241 τό
734 2177 771 2240 ἐν
780 2171 891 2243 Ἰλιάδι
910 2176 1041 2243 διδόναι
1060 2179 1244 2266 (διδοῦναι)
1257 2202 1322 2245 πα-

214 2281 376 2363 ρέκοπτεν
399 2280 460 2365 (sie
478 2278 601 2343 Buttm.
619 2304 651 2367 p.
664 2281 736 2361 433,
759 2279 830 2344 οοδ.
849 2279 1077 2367 προέκοπτες).
1101 2279 1142 2360 Q.
1155 2280 1198 2343 H.
1222 2279 1320 2344 Vind.

216 2384 285 2444 133.
324 2379 514 2463 Παρέξομεν
543 2381 715 2444 lectionem
744 2379 785 2444 ab
810 2381 1030 2469 Aristophane
1058 2383 1092 2445 in
1120 2390 1246 2445 textum
1273 2404 1323 2445 re·

213 2488 340 2568 ceptam
362 2481 462 2546 fuisse
484 2491 520 2547 nt
542 2481 673 2545 credam
694 2502 793 2566 aegre
813 2482 893 2545 mihi
915 2483 1092 2569 imperabo.
1116 2484 1183 2548 Aut
1198 2479 1321 2567 γράφει

212 2584 246 2646 in
267 2576 386 2648 άκοόει
407 2583 597 2648 mutandum
620 2592 684 2665 est,
711 2593 767 2646 aut
787 2592 860 2671 post
882 2581 1005 2667 γράφει
1027 2585 1151 2649 excidit
1172 2582 1321 2648 δεδωσο-

212 2707 292 2769 μεν,
321 2685 408 2772 quod
428 2707 446 2748 e
463 2683 631 2749 Macrobio
654 2686 798 2749 excussit
818 2683 946 2749 Nauck.
971 2710 1003 2774 p.
1026 2687 1120 2748 5811.
1145 2687 1195 2750 81.
1238 2686 1320 2750 Cum

212 2788 369 2851 διδοῦναι
390 2808 450 2873 pro
473 2783 605 2873 διδόναι
631 2785 690 2851 efr.
707 2786 849 2850 διδεῑναι
871 2809 930 2873 pro
954 2787 1100 2869 διδέναι,
1123 2787 1210 2873 quod
1226 2786 1322 2851 fluxit

211 2910 231 2951 a
253 2889 383 2970 δίδημι,
405 2878 575 2969 δεσμέόω,
599 2886 674 2950 δέω.
695 2925 736 2934 -
758 2886 910 2951 Ceterum
930 2888 1120 2972 videndum,
1140 2912 1218 2954 num
1241 2889 1321 2953 ferri

210 2991 313 3075 possit
328 2981 471 3070 χαίρετ’·
502 2980 585 3068 άτάρ
609 2984 664 3051 καὶ
686 2982 768 3071 δῶρ’
792 2982 867 3065 άλις
887 2994 1041 3073 οἴσομεν,
1067 2982 1113 3067 ὡς
1132 2986 1169 3053 τό
1192 2987 1319 3071 πάροσ-

211 3111 291 3172 περ,
328 3097 360 3152 et
385 3087 535 3152 similiter
562 3089 596 3151 in
626 3110 652 3151 ω
677 3091 739 3152 314
768 3083 823 3172 ἠδ’
855 3084 977 3172 άγλαά,
993 3083 1076 3174 δῶρ’
1105 3084 1180 3168 άίις
1200 3095 1318 3172 οίσειν,

210 3191 273 3254 nisi
294 3183 349 3253 t'a
370 3211 430 3275 pro
451 3183 524 3265 άίις
547 3188 674 3253 admitti
696 3172 862 3276 potest¹).⁸

749 3360 776 3435 ξ.

295 3493 326 3555 8.
359 3486 549 3574 Ζηνόδοτος
573 3492 594 3555 δ
603 3492 741 3575 είματο
764 3485 826 3556 olo
836 3516 862 3568 ς.
884 3492 978 3556 Harl.
998 3493 1175 3556 Duentzer.
1198 3516 1229 3580 p.
1250 3495 1317 3555 121.
1353 3559 1358 3565 ,

277 3595 345 3682 Ι22.
373 3586 591 3657 ὑπωπτεύετο
610 3588 700 3701 παρὰ
722 3589 910 3679 Ζηνοδότω.

374 3712 623 3792 Καλλίστρατος
643 3705 900 3787 ὑπωπτενετόν
930 3713 1042 3792 στίχον
1069 3706 1125 3777 διά
1154 3707 1216 3795 τὴν
1244 3709 1319 3787 ἐξα-

208 3813 370 3895 ρίθμησιν
388 3814 458 3876 τοῖν
479 3814 595 3877 ιιυνοῐν
616 3809 672 3876 καί
693 3805 731 3876 τό
756 3809 925 3876 ἐπίθετον.
948 3810 1042 3876 Harl.

277 4017 304 4083 1)
320 4022 351 4068 ut
367 4026 409 4069 sat
426 4017 487 4068 fluit
504 4033 519 4068 e
536 4020 612 4075 satia
632 4017 669 4069 cf.
687 4007 816 4080 πολλάκι,
833 4008 960 4078 τοντάιιι,
979 4002 1088 4084 ἓπτάιιι,
1106 4009 1222 4081 ἀτρέμα,
1240 4009 1316 4064 ἄντι-

207 4094 270 4167 ιιρό,
289 4097 358 4169 μάσι
378 4103 424 4169 (ε
435 4105 532 4169 magis,
551 4103 651 4170 mage).
688 4104 728 4154 Aa
744 4103 868 4168 profecto
887 4119 936 4168 pro
953 4102 1044 4168 χωρίςΙ
1056 4105 1116 4170 quis
1131 4108 1252 4153 nostram
1271 4117 1318 4150 an-

206 4188 283 4239 deret
303 4187 374 4254 χῶρι
398 4189 553 4252 admittere,
580 4190 633 4251 nisi
656 4189 753 4240 Graeci
778 4189 832 4254 ipsi
856 4191 916 4240 ansi
943 4196 1043 4241 essent.
1077 4188 1202 4255 Apollon.
1226 4188 1316 4239 Bekk.

206 4273 319 4325 snecdd.
339 4275 369 4324 11
391 4291 418 4339 p.
437 4276 503 4337 573,
522 4276 548 4327 3.
584 4274 662 4325 Aliae
686 4277 760 4326 vocis
783 4264 845 4333 άίις
870 4277 972 4327 formae
990 4280 1054 4326 sunt
1070 4263 1166 4337 άλιας,
1190 4265 1329 4347 άίιδίως,

203 4346 303 4419 dtas«,
322 4348 420 4425 ἤλιθα,
441 4373 512 4423 qnae
530 4372 546 4407 σ
563 4358 644 4410 litera
662 4365 764 4410 carent.
