2962 5018
1207 435 1269 500 327

157 587 254 652 modo
275 610 459 674 possumus.
504 591 628 655 Verum
646 592 748 674 enim,
777 595 862 680 patri
884 593 1087 682 Thucydidis
1110 601 1154 682 si,
1182 605 1270 688 quod

158 688 307 753 nonnulli
334 689 558 772 affirmabant,
592 691 684 757 Oroli
706 715 811 780 neque
833 717 911 760 vero
934 696 1026 763 Olori
1049 721 1168 764 nomen
1190 711 1269 788 erat,

157 792 304 878 profecto
327 792 368 857 de
387 791 590 879 Thucydidis
614 802 646 857 et
666 793 824 859 Miltiadis
843 792 1037 882 cognatione
1059 809 1166 864 actum
1188 812 1268 868 erat.

160 894 306 979 Apparet
328 895 437 980 igitur,
467 893 545 980 quid
568 893 631 958 sibi
653 896 795 959 auctoris
815 898 903 962 vitae
925 899 967 963 ad
988 899 1170 986 Didymum
1188 902 1270 968 velit

157 995 347 1080 provocatio
372 995 413 1060 de
435 995 621 1059 reiectanea
642 996 782 1060 nominis
797 991 937 1079 Ὄρολος
961 1002 1145 1088 scriptura..
1178 1003 1268 1084 Quid

156 1095 285 1159 multa?
325 1096 356 1159 A
378 1095 506 1160 mendis
530 1096 653 1183 apertis
676 1095 882 1164 liberandum
911 1110 960 1165 est
982 1125 1053 1188 cap.
1080 1107 1129 1167 16.
1173 1105 1269 1170 Ferri

156 1199 270 1285 nequit
301 1195 497 1262 vocabulum
524 1195 619 1261 ἐστί.
664 1198 809 1286 Requiro
836 1201 890 1266 vel
913 1204 1073 1280 ἔψευσται
1099 1206 1154 1270 vel
1175 1205 1269 1289 ἐσχε-

155 1301 287 1364 δίαστοιτ
309 1299 363 1364 vel
386 1298 491 1363 simile
514 1299 604 1386 quid.
652 1304 828 1366 OAOPOC
845 1303 984 1369 formam
1002 1289 1178 1390 genuinam
1195 1330 1268 1372 esse

154 1410 190 1466 ut
212 1402 449 1466 demonstraret
461 1400 626 1485 Didymus
649 1402 693 1466 ad
714 1403 959 1491 inscriptionem
982 1408 1080 1471 etiam
1102 1431 1188 1473 nunc
1202 1432 1268 1474 ser·

52 1562 54 1565 ,
155 1512 264 1568 vatam
286 1504 356 1568 sive
376 1501 547 1567 columnae
568 1503 706 1567 incisam
729 1505 800 1569 sive
822 1506 1036 1592 sepulcralem
1054 1508 1186 1573 titulum
1195 1530 1267 1596 pro·

155 1605 297 1668 vocavit.
342 1603 458 1690 Itaque
477 1603 723 1669 rescribendum
746 1615 796 1670 est
816 1600 868 1670 ὅτι
888 1607 953 1689 γὰρ
965 1601 1107 1690 Ὄλορός
1124 1607 1216 1673 ἐστιν
1235 1619 1268 1674 et

155 1729 186 1792 q.
211 1728 237 1769 s.
256 1745 299 1756 -
322 1705 391 1769 Iam
416 1727 495 1769 vero
523 1726 596 1769 cum
621 1715 737 1792 pergat
765 1708 976 1773 Marcellinus
1004 1705 1088 1792 πρὸς
1113 1705 1177 1793 γὰρ
1197 1719 1267 1788 ταῖς

156 1810 314 1872 Maiestas
332 1844 375 1853 -
394 1817 610 1888 προσιστορεῖ
626 1807 724 1872 facile
745 1811 818 1895 quis
840 1809 952 1874 induci
971 1811 1084 1896 possit,
1105 1821 1142 1876 ut
1163 1814 1266 1898 suspi-

155 1918 246 1973 cetur
260 1916 434 1989 auctorem,
455 1930 528 1972 cum
543 1908 643 1973 semel
659 1909 830 1976 columnae
849 1910 1040 1997 sepulcralis
1055 1913 1266 1994 meminisset,

153 2018 309 2095 tanquam
328 2010 363 2072 in
378 2016 568 2073 transcursu
586 2008 810 2076 Cimoniorum
829 2013 926 2077 etiam
942 2010 1165 2099 sepulcrorum
1178 2035 1266 2079 men·

43 2153 46 2158 -
154 2112 275 2175 tionem
296 2109 424 2174 fecisse.
470 2108 567 2190 Quod
588 2134 630 2176 ne
652 2113 705 2176 cui
725 2112 882 2199 probetur
904 2122 1019 2178 vetant
1040 2112 1143 2177 verba
1161 2113 1266 2196 δῆλον

154 2206 207 2277 ὅτι
226 2216 287 2276 τοῦ
311 2206 501 2276 Μιλτιάδου
524 2214 621 2294 γένος
642 2207 750 2290 ὄντος.
779 2212 872 2292 ξένος
895 2209 958 2298 γὰρ
981 2209 1094 2291 οὐδεὶς
1113 2212 1183 2278 ἐκεῖ
1198 2212 1266 2279 θά-

155 2336 279 2378 πτεται.
325 2313 479 2378 Continet
506 2317 592 2378 enim
625 2320 656 2397 §.
688 2320 725 2378 17
757 2328 985 2400 argumentum
1020 2316 1151 2380 tertium
1187 2337 1265 2380 sane

155 2436 251 2500 quam
274 2415 515 2498 gravissimum,
537 2413 580 2478 ab
600 2437 753 2501 anonym.
773 2421 837 2497 §.1
864 2439 991 2503 quoque
1014 2438 1066 2503 ap.
1089 2416 1264 2481 Westerm.

153 2513 259 2598 biogr.
279 2536 311 2599 p.
333 2516 395 2578 200
416 2513 588 2599 prolatum.
632 2516 684 2579 En
708 2516 769 2580 tibi
791 2512 971 2599 τεκμήριον
993 2514 1166 2598 μέγιστονέ
1189 2516 1265 2580 Per·

155 2615 313 2696 venimus,
335 2637 399 2702 quo
420 2614 595 2680 voluimus.
639 2616 783 2703 Ecquae,
806 2616 932 2700 amabo,
954 2615 1056 2680 verba
1076 2614 1192 2680 melius
1214 2638 1265 2680 co-

155 2718 300 2798 haerent,
322 2736 419 2802 quam
439 2713 494 2779 καὶ
511 2716 669 2800 μέγιστον
689 2713 918 2799 τεκμήριον
940 2717 1158 2801 (accelerasti
1181 2711 1266 2799 πρὸς

155 2815 232 2901 γὰρ
260 2827 330 2893 ταῖς
354 2822 512 2883 Μελιτίσι
542 2816 914 2895 redicas—dcimam?
957 2816 1064 2898 Quam
1089 2816 1265 2883 verborum

153 2919 439 3005 transpositionem
468 2921 532 2984 nisi
560 2920 747 3001 admiseris,
781 2939 887 3005 neque
915 2916 980 3000 γάρ
1002 2917 1137 2982 habebit
1161 2940 1265 3006 quoe

154 3018 285 3103 linguae
314 3027 347 3083 et
373 3022 511 3086 rationis
535 3019 664 3105 legibus
684 3022 754 3084 iure
776 3018 954 3100 referatur,
983 3041 1088 3107 neque
1106 3019 1265 3103 μέγιστον

153 3116 335 3203 τεκμήριον
353 3144 471 3186 revera
492 3122 723 3207 gravissimum
742 3122 804 3185 erit
824 3123 1062 3204 argumentum.
1108 3120 1174 3202 Qui
1196 3121 1264 3186 Rit-

153 3230 223 3286 tero
243 3223 278 3285 in
294 3230 436 3288 mentem
458 3227 571 3288 venire
594 3223 752 3311 potuerit,
777 3232 815 3287 ut
837 3225 867 3302 ξ.
891 3225 940 3286 16.
967 3225 1004 3283 17
1033 3221 1264 3307 proscriberet,

153 3324 302 3410 quamvis
332 3345 397 3388 non
422 3324 518 3390 modo
547 3329 577 3406 ξ.
605 3328 643 3389 16
669 3322 833 3408 Didymus
853 3321 1057 3405 laudaretur,
1090 3324 1151 3391 sed
1170 3322 1263 3387 Pole-

152 3425 257 3488 monis
273 3425 369 3489 etiam
390 3427 547 3490 memoria
566 3426 631 3489 nisi
646 3423 792 3510 Didymo
804 3423 861 3488 alii
873 3422 1048 3487 deberetur
1062 3422 1154 3505 nulli,
1176 3422 1264 3487 haud

152 3524 249 3588 facile
276 3524 411 3590 dixeris.
457 3527 528 3590 Iam
551 3527 579 3591 si
601 3524 736 3590 dubium
758 3547 830 3590 esse
852 3546 918 3588 non
939 3532 1047 3610 potest
1069 3523 1147 3609 quin
1170 3527 1201 3603 ξ.
1226 3526 1263 3585 17

152 3624 250 3687 etiam
283 3623 464 3711 Didymum
497 3635 662 3691 auctorem
691 3633 861 3711 agnoscat,
896 3624 1011 3687 Corsis
1044 3624 1264 3687 coniecturam

147 3718 302 3805 Ἡρώδου
331 3747 390 3812 pro
418 3725 555 3811 vulgata
579 3720 781 3808 Ἡροδότου,
810 3725 960 3811 quamvis
981 3722 1264 3809 palaeographicis

151 3824 331 3889 rationibus
357 3825 462 3911 (Bast.
481 3848 513 3911 p.
539 3825 615 3910 812)
640 3826 719 3888 satis
739 3823 1046 3905 commendabilem,
1066 3822 1109 3886 ab
1128 3821 1265 3886 historia

111 4000 123 4019 ⁸
151 3948 216 3990 non
242 3926 321 3989 satis
346 3927 504 3990 munitam
526 3947 716 4012 respuamus
741 3946 876 3990 necesse
900 3933 960 3989 est.
1006 3923 1148 3988 Herodis
1177 3924 1263 3987 enim

150 4027 269 4109 Attici,
301 4049 396 4114 quem
428 4036 555 4091 constat
585 4027 746 4111 originem
778 4024 820 4089 ab
849 4024 1068 4090 Aeacidarum
1100 4024 1262 4111 prosapia,

149 4127 297 4192 Miltiade
306 4129 329 4213 ¹)
353 4128 553 4214 Cimoneque
577 4126 715 4192 ducibus
737 4128 896 4213 repetisse
916 4148 999 4213 eque
1019 4124 1150 4190 filiabus
1164 4145 1263 4188 unam

223 4256 245 4321 Ι)
264 4258 403 4310 Fortassis
420 4258 560 4310 Miltiades
578 4257 661 4308 stiam
678 4233 783 4309 Atticis
801 4261 829 4307 st
845 4255 971 4307 Paterius
990 4255 1018 4304 in
1030 4255 1133 4306 anthol.
1149 4253 1260 4323 Cephal.

148 4362 176 4398 n.
195 4346 247 4399 588
266 4363 295 4412 ρ.
313 4348 349 4399 80
365 4345 433 4398 Rslr.
453 4345 656 4397 commemorati
675 4344 799 4413 Herodis,
812 4343 923 4414 cognati
941 4342 1050 4397 luerint.
