2932 5002
228 418 292 481 372

230 583 375 663 κωνιιιῆς
401 577 456 643 καὶ
484 579 543 659 τῆς
567 571 701 659 Κρήτης
729 572 835 651 ιιόλις.
878 566 964 636 ὅθεν
984 558 1028 655 ἦν
1050 566 1185 634 Μύσων
1210 559 1258 646 εἷς
1281 572 1355 633 τῶν

231 678 312 747 ἑπτά
334 683 453 762 σοφοῖν
474 679 679 763 χρηματίζων
687 670 822 758 Ἠτεῖος,
845 661 887 737 οὗ
909 673 1072 758 μέμνηται
1088 669 1235 737 Πλάτων
1249 670 1291 734 έν
1306 673 1355 757 τῷ

230 777 442 866 Πρωταγόρᾳ
460 779 573 863 Χηνέα
598 782 721 844 τοῦτον
750 771 864 841 είαόν.
910 775 1103 858 Δίδυμος
1123 772 1161 838 δὲ
1182 789 1355 857 σνμττο-

231 885 365 949 σιαιιω
372 906 392 946 ν
411 879 573 969 δεκάτῳ
590 875 719 944 Ἠτελον
740 871 846 941 αὐτόν
865 882 968 941 καλεῖ.

313 973 415 1066 Ἠτις,
435 979 560 1059 Ἠτεῖος
580 982 611 1045 h.
626 980 648 1044 l.
672 980 833 1044 debentur
853 978 893 1043 Ο.
909 976 1068 1043 Muellero
1090 978 1172 1043 Dor.
1188 978 1224 1040 II
1240 1002 1274 1064 p.
1288 979 1354 1040 453

232 1096 265 1150 et
280 1084 465 1151 Meinekio:
497 1084 540 1148 cf.
564 1083 706 1148 Pausan.
729 1082 782 1145 III
805 1085 841 1164 2,
866 1085 901 1144 11
928 1080 1013 1145 VIII
1035 1082 1084 1163 12,
1108 1083 1127 1144 8
1149 1089 1190 1145 et.
1209 1103 1253 1144 m.
1277 1080 1355 1160 248,

233 1190 284 1252 34.
328 1187 436 1252 Locus
458 1186 603 1251 Platonis
627 1193 735 1249 exstat
756 1205 788 1269 p.
802 1185 863 1248 343
887 1184 928 1248 Α.
945 1182 1154 1269 Steph.=§.
1172 1184 1213 1247 82
1235 1204 1269 1268 p.
1287 1183 1353 1244 582

97 1316 102 1326 ·
233 1286 368 1352 Heindf.
412 1287 465 1351 De
486 1287 636 1373 Mysonis
657 1287 765 1372 patria
787 1284 831 1349 cf.
847 1285 931 1371 Aeg.
947 1285 1079 1370 Menag.
1101 1284 1144 1348 ad
1161 1283 1263 1368 Diog.
1288 1283 1353 1347 La.

233 1389 298 1456 vol.
321 1388 338 1451 I
360 1411 391 1475 p.
408 1390 469 1453 286
486 1411 556 1475 sqq.
577 1388 708 1452 Huebn.
727 1377 946 1453 -Ceterum
968 1387 1126 1474 Stephani
1142 1385 1247 1451 verba
1269 1386 1356 1449 mihi

144 1513 147 1518 ·
234 1492 293 1556 vix
324 1490 497 1554 admittere
530 1490 703 1555 lectionem
721 1485 850 1554 Ἠτεῖον
874 1490 1043 1571 videntur,
1079 1489 1137 1554 sed
1164 1485 1356 1571 efflagitare

237 1594 384 1658 Οἰταῖον.
428 1591 553 1656 Vereor
588 1593 674 1655 enim
702 1614 744 1656 ne
775 1592 956 1678 Didymus,
1001 1592 1057 1677 qui
1088 1612 1161 1654 cum
1191 1588 1356 1653 Mnaseae

235 1693 364 1779 scriptis
401 1690 437 1756 ἐν
467 1696 513 1778 τῷ
539 1690 616 1774 περὶ
642 1697 802 1776 χρησμῶν
831 1713 882 1779 ap.
913 1690 1014 1756 schol.
1046 1689 1142 1754 Pind.
1166 1689 1219 1754 Ol.
1251 1688 1355 1753 1170

236 1794 359 1859 laudati
381 1795 528 1858 intimam
548 1793 804 1859 familiaritatem
826 1802 1037 1860 contraxerat
1074 1792 1130 1881 (cf.
1153 1814 1271 1857 comm.
1292 1790 1357 1854 Di·

236 1897 324 1982 dym.
355 1894 404 1958 IV
433 1899 446 1957 1
481 1919 513 1981 p.
539 1899 633 1982 358),
668 1895 729 1960 hoc
762 1894 865 1960 fretus
898 1904 1030 1960 auctore
1062 1893 1209 1980 vulgaris
1243 1892 1358 1957 famae

237 2005 416 2062 contemtor
437 2018 509 2060 esse
530 1997 691 2061 maluerit.
736 1998 850 2084 Saepe·
860 2000 946 2062 enim
967 1998 1149 2084 quaesitum
1170 2006 1234 2079 est,
1273 2019 1358 2061 num

240 2101 428 2162 OITAIOC
446 2118 488 2159 on
507 2102 680 2163 HTEIOC
698 2097 798 2162 fuerit
818 2098 924 2186 Myso,
947 2099 990 2163 cf.
1007 2100 1106 2182 Diog.
1123 2099 1182 2163 La.
1201 2099 1269 2162 vol.
1287 2097 1305 2160 I
1321 2120 1357 2185 p.

240 2201 280 2263 78
302 2198 434 2262 Huebn.
479 2199 618 2263 Accedit
640 2199 728 2286 quod
749 2200 930 2286 Didymum
954 2200 1101 2264 Platonis
1123 2201 1360 2265 adversarium

237 2299 340 2365 fuisse
363 2301 460 2363 etiam
481 2299 613 2379 aliunde
635 2302 860 2386 cognovimus.

776 2493 794 2551 4

324 2605 480 2693 Stephani
501 2605 604 2670 verba
633 2607 690 2692 (cf.
714 2607 853 2670 eundem
877 2628 909 2692 p.
933 2608 1012 2689 692,
1036 2606 1134 2691 15Μ)
1158 2629 1232 2670 cum
1254 2607 1358 2672 fidem

239 2707 363 2773 facIant
394 2730 414 2771 a
434 2707 579 2794 Didymo
613 2710 647 2771 in
669 2708 827 2773 decimo
849 2705 1133 2794 Symposiacorum
1154 2707 1240 2772 libro
1263 2731 1358 2772 men-

238 2809 360 2872 tionem
382 2809 536 2873 iniectam
562 2831 633 2873 esse
652 2808 692 2872 de
717 2817 841 2895 septem
864 2807 1025 2873 Graeciae
1053 2808 1267 2895 sapientibus,
1292 2811 1358 2875 huc

240 2908 338 2972 etiam
360 2909 570 2974 referendum
592 2910 672 2973 mihi
696 2909 827 2975 videtur
850 2931 919 2973 non
947 2910 1018 2973 sine
1040 2911 1148 2996 specie
1170 2912 1242 2974 veri
1265 2910 1358 2996 frag-

238 3016 383 3071 mentum
413 3009 502 3076 haud
541 3011 626 3077 exile
663 3036 683 3076 a
722 3009 890 3076 Clemente
921 3009 1149 3077 Alexandrino
1185 3023 1357 3088 servatum

241 3107 393 3172 Stromat.
420 3109 436 3172 I
463 3135 495 3197 p.
526 3114 587 3177 220
609 3113 653 3177 D.
689 3112 805 3178 Heins.
840 3112 923 3199 (LB.
965 3114 1076 3198 1626);
1121 3108 1158 3176 τό
1193 3112 1257 3196 μὲν
1291 3105 1357 3178 οὖν

240 3209 391 3273 ΓΝΩΘΙ
415 3216 601 3277 eArToN
623 3215 658 3279 οί
687 3212 750 3299 μὲν
780 3218 928 3290 Χίλωνος
964 3208 1187 3298 ὑπειλήφασι,
1221 3221 1358 3299 Χαμαι-

239 3307 326 3373 λέων
346 3305 384 3373 δὲ
404 3309 440 3374 έν
462 3315 508 3399 τῷ
530 3314 606 3396 περὶ
627 3320 722 3381 θεων
744 3319 874 3400 Θαλοῦ,
896 3311 1119 3399 Ἀριστοτέλης
1140 3314 1177 3381 δὲ
1197 3320 1256 3399 της
1278 3322 1358 3382 Πν-

239 3412 328 3487 θίας.
368 3409 510 3479 δύναται
543 3413 579 3479 δὲ
610 3411 672 3498 τὴν
701 3422 830 3500 γνοῖσιν
853 3414 1091 3501 ἐγκελεύεσθαι
1120 3413 1357 3502 μεταδιώκειν.

240 3506 304 3577 οὐκ
329 3514 398 3578 ἐστι
426 3507 489 3597 γάρ
515 3510 598 3580 ἄνευ
624 3521 681 3600 τῆς
704 3523 774 3584 τοῖν
799 3513 890 3586 όλων
911 3513 1028 3596 οὐσίας
1048 3521 1173 3584 εἰδέναι
1194 3516 1234 3585 τά
1255 3523 1356 3605 μέρη.

243 3615 297 3678 δελ
307 3613 349 3697 δὴ
369 3610 431 3698 τὴν
451 3618 585 3698 γένεσιν
599 3622 662 3684 τοῦ
684 3617 815 3704 κόσμον
833 3625 1168 3706 πολυπραγμονῆσαι,
1185 3618 1230 3688 δι’
1247 3613 1290 3706 ἧς
1301 3627 1360 3688 καλ

240 3710 303 3797 τὴν
331 3719 393 3780 τοῦ
419 3712 608 3798 άνθροόπον
636 3720 743 3803 φύσιν
773 3731 981 3807 καταμαθεῖν
1001 3724 1137 3803 ἐξέσται.
1179 3721 1284 3790 πάλιν
1310 3717 1360 3791 αὖ

239 3819 364 3880 Χίλωνι
383 3821 429 3904 τῷ
450 3822 703 3910 Λακεδαιμονίῳ
727 3817 935 3909 άναφέρουσι
957 3822 993 3889 τό
1021 3829 1192 3891 ΜΗΔΕΝ
1215 3830 1359 3908 Arm,

239 3917 403 3999 Στράτων
424 3916 460 3983 δὲ
481 3919 519 3984 έν
545 3925 591 4008 τῷ
613 3922 690 4006 περὶ
712 3921 911 4010 εὑρημάτων
935 3925 1164 4012 Στρατοδήμῳ
1188 3928 1358 4015 (Mueller.

241 4017 281 4080 sr.
302 4016 377 4082 hist.
399 4020 458 4084 Gr.
474 4019 508 4083 II
524 4043 556 4107 p.
570 4026 631 4087 369
655 4028 739 4090 coni.
760 4022 1001 4114 Ἀριστοδήμῳ)
1022 4031 1068 4115 τῷ
1084 4027 1231 4114 Τεγεάτη
1246 4047 1360 4111 προσ-

239 4113 335 4182 άιιτει
368 4115 405 4183 τό
438 4116 654 4207 ἀπόφθεγμα.
699 4129 886 4212 Δίδυμος
908 4127 944 4194 δὲ
967 4126 1104 4195 Σόλωνι
1130 4124 1213 4194 αὐτό
1237 4125 1363 4198 άνατί-

224 4223 342 4298 θηοιν
371 4216 477 4304 (Suid.
501 4231 534 4286 et
554 4224 679 4291 Eudoc.
707 4249 739 4313 p.
763 4231 824 4292 387
846 4230 995 4294 Museum
1015 4230 1265 4297 Pio-Clement.
1290 4235 1362 4300 vol.

238 4316 287 4382 VI
317 4318 384 4383 tab.
407 4320 542 4409 XXII),
576 4320 689 4407 ω’στιερ
724 4321 836 4410 άμέλει
859 4329 1062 4421 Κλεοβούλῳ
1095 4327 1132 4398 τό
1160 4337 1368 4403 ΜΕΤΡΟΝ
