2962 5018
241 419 303 481 300

240 583 362 647 saeculi
384 584 528 670 appellat
555 583 669 649 sabell.
690 583 787 648 Hom.
818 592 999 665 auctorem,
1029 586 1085 671 qui
1110 607 1179 648 rem
1201 587 1356 672 exposuit

240 685 360 771 Odyss.
380 690 399 749 λ
423 689 495 750 582.
540 686 670 750 Deinde
693 686 779 773 quod
803 687 958 750 Ioannem
980 686 1165 752 Diaconum
1187 708 1354 776 nuncupa-

238 788 301 870 vit,
331 786 388 851 ubi
422 787 688 853 schol.⁴Hesiod.
717 787 853 852 laudare
880 787 981 854 vellet
1015 790 1058 854 ad
1080 789 1248 874 Theogon.
1279 793 1353 873 355,

238 912 303 953 non
337 888 473 955 consilio
503 891 563 955 sed
600 912 710 954 errore
744 891 866 955 accidit
898 890 1021 956 homini
1052 892 1216 956 laborioso
1253 893 1354 958 facile

239 991 464 1055 condonando.
516 992 604 1056 Usus
634 994 719 1056 enim
748 994 875 1058 Natalis
906 1003 956 1057 est
984 993 1133 1080 exemplo
1161 993 1353 1058 Trincavel-

238 1092 344 1175 liano,
373 1093 406 1157 id
435 1094 523 1181 quod
545 1094 711 1180 colligitur
734 1118 776 1160 ex
798 1096 846 1160 VI
867 1119 899 1182 p.
921 1101 995 1160 577.
1041 1094 1108 1160 Ubi
1130 1118 1205 1159 oum
1227 1094 1352 1181 allego-

238 1197 360 1259 riarum
383 1218 500 1282 oorpus
524 1197 657 1260 scholiis
680 1199 823 1285 antiquis
840 1197 1046 1262 membratim
1066 1196 1165 1261 fuerit
1180 1199 1351 1279 insertum,

238 1296 374 1362 difficile
402 1305 471 1361 erat
503 1298 610 1362 minus
639 1307 762 1364 attento
791 1301 825 1363 in
845 1322 987 1364 errorem
1010 1323 1170 1388 nusquam
1192 1299 1350 1364 incidere.

238 1397 291 1462 Cf.
315 1397 390 1463 Nat.
413 1399 505 1464 Com.
529 1400 564 1464 II
586 1423 614 1466 c.
640 1407 652 1465 1
678 1424 709 1488 p.
732 1403 773 1465 92
796 1408 858 1489 sq.’

778 1591 805 1651 1.

367 1708 451 1770 Γαΐα
475 1704 514 1770 δέ
534 1729 586 1770 τοι
610 1707 747 1789 ττροότον
768 1700 831 1789 μέν
853 1702 1001 1787 ἐγείνατο
1024 1701 1098 1771 ἴσον
1121 1703 1223 1792 ἑαυτῇ

367 1801 586 1890 Οὐρανόν..
612 1857 648 1872 ..

321 1906 430 1972 Sobel.
464 1909 547 1973 Ven.
581 1920 613 1973 et
645 1912 740 1974 Cant.
779 1913 836 1973 126
875 1909 1062 1991 Δίδυμος
1099 1905 1136 1972 δὲ
1169 1905 1206 1971 τὸ
1238 1912 1353 1973 ICON

236 2012 416 2074 EAYTHI
442 2004 525 2074 κατὰ
552 2009 613 2075 τὸν
639 2015 696 2093 τῆς
724 2008 914 2094 γεννήσεως
939 2006 1042 2093 λόγον
1075 2005 1195 2098 [ἤγουν
1217 2004 1270 2076 ότι
1294 2014 1351 2077 καὶ

236 2105 339 2185 αὐτὸς
366 2104 479 2193 ὥσπερ
508 2105 592 2195 αὐτὴ
627 2109 822 2201 έγεννήθη].
875 2105 919 2187 ὦς
945 2105 1009 2194 γὰρ
1043 2116 1114 2187 loos
1146 2105 1208 2194 τὴν
1240 2109 1350 2196 φύσιν

237 2213 299 2299 (sic
321 2213 404 2277 coni.
429 2211 558 2276 Nauck.
581 2215 683 2279 Arist.
707 2215 789 2301 Byr.
809 2237 841 2300 p.
859 2217 909 2294 60,
927 2214 985 2296 833
1008 2212 1106 2297 vulgo
1126 2213 1181 2278 καὶ
1197 2208 1348 2297 Ἀριστο-

236 2306 361 2396 φανης)
382 2307 598 2397 Ἀμφιτρύων
618 2312 856 2398 γενναιότερον
878 2308 985 2377 αὑτοῦ
1011 2314 1113 2377 παῖδα
1135 2318 1256 2402 γεννᾷ,
1284 2311 1351 2380 οὕ-

235 2438 300 2493 τως
329 2416 433 2504 (vulg.
455 2409 527 2498 ότε,
555 2438 637 2482 corr.
669 2417 770 2504 idem)
801 2413 975 2499 ἐτηυξήθη
998 2409 1144 2497 οὐρανός
1166 2411 1348 2500 ἀστερόεις.

321 2519 451 2583 Certius
475 2516 560 2583 hanc
587 2520 799 2583 mutationem
832 2516 992 2582 stabilivit
1019 2516 1188 2582 Nauckius
1216 2519 1251 2581 in
1279 2541 1348 2583 mu-

235 2643 290 2685 seo
314 2620 483 2685 Rhenano.

319 2724 483 2787 Fortassis
508 2725 606 2787 etiam
634 2724 667 2785 in
687 2722 825 2786 Hesiodi
848 2744 947 2808 opera
968 2731 1000 2786 et
1019 2723 1089 2786 dies
1112 2729 1348 2788 commentatus

235 2832 294 2887 est.
339 2824 576 2889 Testimonium
597 2824 727 2912 quidem
750 2824 780 2888 ei
801 2824 976 2888 denunciat
994 2823 1140 2887 Proclus.

774 3012 793 3071 2

320 3124 455 3189 Proclus
481 3126 617 3190 Hesiod.
647 3148 720 3212 opp.
751 3150 782 3190 v.
802 3129 863 3190 300
888 3127 1077 3209 Δίδυμος
1099 3124 1135 3189 δὲ
1156 3121 1346 3207 κοτοόροις,

233 3218 285 3289 ότι
308 3219 409 3289 κότον
428 3227 563 3308 ἔχουσιν
582 3227 619 3290 έν
640 3231 679 3311 τῇ
699 3221 802 3313 οὐρᾷ,
829 3222 912 3293 κατὰ
935 3227 972 3292 δὲ
991 3222 1221 3309 Ἀριστοτέλην
1242 3219 1347 3289 ἀκέν-

233 3347 341 3409 τροις,
363 3318 513 3411 Ἀμερίας
532 3323 568 3391 δὲ
592 3325 805 3410 κακούργοις.
846 3327 950 3411 μόνος
971 3328 1006 3394 δὲ
1022 3324 1175 3402 Ἡσίοδος
1197 3321 1283 3404 ἅπαξ
1305 3329 1348 3411 τῇ

233 3427 317 3505 λέξει
340 3426 513 3512 ἐχρήσατο.

773 3635 808 3715 6.

393 3797 630 3885 (Ῥκόμνημα
650 3801 916 3882 Βακχυλίδου
942 3798 1177 3863 ἐπινικίων.

316 3935 467 4013 Ammon.
493 3937 534 4000 de
556 3937 624 4001 diff.
648 3958 680 4022 p.
704 3938 745 3999 97
772 3934 889 3998 Valck.
913 3936 1079 4017 Νηρεΐδες
1105 3936 1174 3998 ταῖν
1193 3936 1256 3996 τοῦ
1277 3937 1347 4017 Νη-

231 4036 315 4117 ρέως
337 4034 539 4117 θυγατέρων
561 4037 723 4120 διαφέρει.
770 4035 961 4117 Δίδυμος
986 4029 1110 4118 ὁμοίως
1133 4028 1346 4121 (λὸμολογεῑ)

229 4136 267 4200 έν
286 4130 502 4220 ὑπομνήματι
516 4138 732 4220 Βακχυλίδου
754 4135 929 4201 ἐπινικίων
952 4137 1014 4222 (sic
1028 4134 1159 4200 Fabric.
1175 4157 1234 4221 pro
1251 4136 1346 4222 vulg.

229 4236 415 4320 έκινίκοιν).
468 4236 550 4320 φησὶ
577 4233 641 4321 γὰρ
671 4234 754 4303 κατὰ
784 4236 888 4314 λέξιν·
904 4235 1003 4333 '‘elel
1029 4239 1164 4319 τοίνυν,
1201 4237 1245 4299 οἵα
1260 4253 1347 4319 φασι

230 4335 405 4419 διαφέρειν
427 4333 485 4417 τὰς
507 4340 677 4422 Νηρελδας
698 4342 766 4403 τοῖν
788 4341 851 4403 τοό
875 4335 1016 4421 Νηρέως
1040 4337 1253 4422 θυγατέρων.
1290 4341 1349 4405 καὶ
