2962 5024
600 457 643 470 —-
685 422 796 483 P—
1191 426 1250 489 163

231 578 280 670 [τό
302 575 327 667 γ’γ’
333 604 397 664 ρει
422 576 505 647 ἄνευ
527 586 590 647 τοῦ
612 609 624 648 ι
645 588 748 650 πᾶσαι
772 582 871 670 εἶχον.
893 587 947 675 V.]

222 688 296 748 607.
317 677 426 761 οὕτως
444 677 655 766 Ἀρίσταρχος
674 685 737 750 τοὶ
758 682 791 751 δ’
811 684 1009 772 ἐβόησαν)
1025 689 1110 752 Vide
1128 714 1161 777 p.
1179 694 1248 757 112.

223 789 295 850 631.
319 784 453 867 ἐφείη·
475 786 586 869 διχῶς,
609 787 665 851 καὶ
684 785 812 871 ἐφείη.
835 790 877 854 A.

228 891 301 951 637.
330 887 372 951 οἵ
396 907 476 951 που
504 882 635 971 δεῦρ’·
662 882 771 965 οὕτως
789 883 1009 973 Ἀρίσταρχος,
1038 885 1134 957 ἄλλοι
1156 893 1194 959 δὲ
1214 897 1254 960 oi'

142 1010 223 1054 που
243 990 331 1052 νῦν.
353 988 396 1052 Α.
420 987 551 1074 [κακῶς.
570 988 623 1078 V.]

226 1089 298 1152 681.
328 1084 437 1167 οὕτως
462 1084 673 1173 Ἀρίσταρχος
703 1093 862 1174 ῖδοιτο,
897 1087 938 1155 τά
971 1086 1051 1157 ὄσσε
1082 1092 1249 1177 δηλονότι.

231 1293 303 1355 721.
324 1289 536 1374 μένοντες·
555 1285 797 1377 Ἀριστοφάνης
819 1295 943 1371 δνῖκάς
963 1295 1148 1378 μένοντε.
1168 1297 1210 1362 A.

228 1397 313 1471 [751.
338 1386 438 1456 οὐδέ
455 1393 498 1456 τί
514 1416 593 1476 μιν.
630 1387 871 1478 Ἀριστοφάνης
889 1391 991 1459 οῦδέ
1008 1399 1048 1460 τί
1066 1411 1145 1481 μιν.
1169 1399 1224 1477 V.]

684 1554 727 1621 Σ.

229 1685 346 1746 10.11.
391 1678 430 1744 ἐν
456 1683 497 1768 τῇ
517 1673 650 1746 Ῥιανοῦ
669 1683 724 1747 καὶ
743 1676 1005 1766 Ἀριστοφάνους
1026 1681 1089 1752 οῦκ
1113 1677 1199 1773 ἦσαν
1220 1693 1255 1756 ot

143 1789 183 1870 β,
205 1790 285 1861 ἴσως
306 1781 378 1849 ἐπεὶ
398 1776 462 1847 οὐκ
485 1771 528 1866 ἦν
550 1777 745 1866 Μυρμιδοδν
767 1777 785 1849 ὁ
808 1779 1019 1868 Πάτροκλος·
1039 1787 1171 1876 Λοκρὸς
1188 1789 1252 1877 γὰρ

142 1877 186 1973 ἦν
209 1887 241 1965 ἐξ
261 1880 452 1961 Ὀποῦντος.
472 1886 545 1949 δεῖν
563 1885 602 1948 δέ
622 1900 728 1968 φησιν
747 1877 765 1947 ὁ
783 1878 998 1972 Ἀρίσταρχος
1018 1885 1126 1969 οὕτως
1148 1888 1253 1959 αὐτὸν

144 1987 404 2072 παραδέχεσθαι,
432 1981 494 2050 τόν
526 1984 609 2068 μετὰ
641 1981 704 2050 τόν
732 1979 872 2071 άριστον
905 1993 975 2054 τῶν
1006 1991 1251 2077 Μυρμιδόνων.

145 2090 201 2156 καὶ
223 2088 306 2156 κατά
327 2110 421 2165 τινας
441 2085 478 2152 δὲ
500 2090 569 2152 τῶν
590 2081 669 2171 μεθ’
691 2081 843 2174 Ὅμηρον
862 2084 992 2173 Ἀκτωρ
1021 2088 1039 2158 ὁ
1060 2091 1170 2178 πατὴρ
1190 2100 1253 2161 τοῦ

144 2195 332 2257 Μενοιτίου
353 2190 483 2272 λέγεται
505 2192 622 2273 λαβεῖν
641 2194 805 2273 Αίγιναν,
833 2190 870 2254 ἐκ
891 2189 1014 2277 ταύτης
1036 2193 1074 2261 δὲ
1094 2197 1253 2279 γενέσθαι

146 2296 332 2358 Μενοίτιον
351 2294 406 2359 καὶ
427 2296 559 2377 οἰκῆσαι
583 2290 621 2357 ἐν
636 2284 804 2357 Ὀποῦντι.
849 2287 958 2371 οὕτως
984 2284 1050 2359 οῦν
1070 2299 1196 2379 γίνεται
1214 2292 1252 2362 τό

143 2388 313 2459 ἀνέκαθεν
334 2392 529 2479 Μυρμιδόν
549 2387 568 2459 ό
587 2390 790 2475 Πάτροκλος.
834 2392 976 2458 δύναται
999 2392 1037 2459 δὲ
1058 2396 1114 2460 καὶ
1135 2396 1255 2485 ἑτέρως

145 2491 339 2580 Μυρμιδὼν
361 2491 379 2561 ὁ
403 2495 597 2581 Πάτροκλος
612 2493 771 2576 λέγεσθαι
786 2489 842 2558 διὰ
863 2491 901 2557 τό
923 2493 1006 2577 μετά
1026 2491 1087 2559 τόν
1106 2491 1254 2579 Ἀχιλλέα

145 2592 336 2681 ἡγήσασθαι
359 2602 428 2664 τάν
450 2589 694 2680 Μυρμιδόνων.
732 2595 803 2669 πῶς
824 2592 871 2676 δέ,
893 2596 994 2677 φασί,
1023 2599 1122 2659 τοῦτο
1144 2617 1254 2660 πεπυ-

144 2701 265 2783 σμένος
293 2695 384 2783 παρά
409 2703 468 2783 τῆς
499 2690 624 2782 μητρὸς
644 2696 769 2777 ἔπεμπε
804 2690 865 2758 τόν
885 2693 1085 2781 Πάτροκλον
1116 2696 1162 2772 εἰς
1194 2688 1255 2759 τόν

145 2799 312 2885 πόλεμονς
331 2795 383 2866 ότι
403 2805 473 2865 κτλ.
495 2800 537 2863 A.
850 2797 854 2806 '
932 2877 937 2885 .

227 2907 276 2966 14.
300 2893 353 2978 oto
373 2899 442 2966 ἐπὶ
464 2902 566 2984 νῆας
585 2902 696 2981 ῖμεν·
721 2888 830 2973 οὕτως
843 2897 880 2960 αί
890 2890 1117 2981 Ἀριστάρχου.
1133 2895 1171 2961 ἐν
1185 2894 1255 2961 ἐνί-

146 3028 199 3081 αις
217 3001 254 3069 δὲ
276 3001 416 3086 φαύλως
443 3004 545 3085 νῆας
566 2992 627 3063 ἔπ’
656 2991 710 3074 άψ
737 2998 854 3062 ίέναι.
877 2999 919 3063 A.
964 2991 1175 3082 Ἀρίσταρχος
1200 2996 1256 3063 καί

142 3099 384 3191 Ἀριστοφάνης
403 3096 457 3182 άψ
479 3102 543 3166 ἐπὶ
562 3104 662 3185 νῆας
683 3104 785 3184 ίμευ.
806 3100 879 3165 AV.

233 3210 284 3271 34.
329 3199 599 3289 άποτμηξειε·
647 3195 756 3279 οὕτως
794 3194 994 3284 Ζηνόδοτος.
1044 3194 1256 3284 Ἀρίσταρχος

145 3301 389 3391 ἀπαμήσειε.
411 3309 453 3371 Α.
477 3307 533 3395 (V.
557 3299 759 3389 άποτμήσειε
779 3302 970 3370 Aristarcho
992 3302 1165 3388 vindieat.)

227 3413 278 3474 39.
302 3404 320 3475 ὁ
340 3413 408 3474 τῶν
422 3409 607 3492 Νηρηίδων
629 3403 729 3491 χορός
750 3406 976 3491 προηθέτηται
997 3402 1052 3468 καὶ
1077 3397 1167 3484 παρά
1188 3405 1257 3485 Ζη-

146 3509 275 3598 νοδότςο
299 3505 344 3587 ὥς
358 3505 549 3575 Ἡσιόδειον
571 3510 657 3592 ἔχων
678 3511 879 3592 χαρακτῆρα.
918 3500 1064 3589 Ὅμηρος
1086 3496 1151 3585 γάρ
1172 3497 1255 3564 κατά

147 3609 185 3677 τό
208 3607 328 3675 κοινόν
345 3605 489 3686 Μοῦσας
510 3609 598 3690 λέγει
615 3608 670 3673 καὶ
686 3613 892 3691 Εἰλειθυίας,
913 3599 988 3671 ἀλλ’
1010 3600 1075 3669 οῦκ
1096 3597 1255 3684 ὀνόματα.

148 3707 284 3793 γελοῖόν
305 3731 341 3773 τε
363 3707 396 3786 ἐξ
417 3701 582 3791 όνόματος
610 3710 824 3791 προθέμενον
856 3708 961 3771 εἰπεῖν
988 3699 1109 3784 πάσας,
1143 3694 1257 3781 ὥσπερ

149 3806 366 3893 άποκαμόντα
388 3808 494 3872 εἰπεῖν
517 3807 709 3892 (ἐπαγαγεῖν
727 3809 843 3874 Lehrs.
866 3827 918 3891 ap.
934 3802 1058 3868 Friedl.
1080 3824 1112 3888 p.
1135 3801 1207 3863 281.
1226 3802 1259 3881 2)

150 3906 261 3977 ‘iiior
284 3902 316 3975 δ’
341 3910 379 3974 αί
393 3901 476 3971 κατά
499 3906 623 3991 βένθος
640 3901 721 3983 άλός
745 3905 916 3988 Νηρηίδες
937 3892 1047 3986 ἦσαν’.
1067 3895 1085 3966 ὁ
1108 3897 1145 3964 δὲ
1168 3904 1260 3964 Καλ-

151 4014 323 4094 λίστρατος
341 4002 422 4074 οῦδὲ
440 4005 477 4073 ἐν
498 4010 539 4093 τῇ
555 4000 731 4092 Ἀργολικῇ
753 4003 858 4089 φησὶν
880 3997 1006 4079 αῦτοῦς
1024 4000 1199 4084 φέρεσθαι.
1217 3998 1259 4063 A.

150 4111 358 4178 Friedlaend.
388 4110 409 4174 l.
439 4111 460 4176 1.
490 4110 586 4174 huius
613 4106 729 4172 scholii
751 4114 878 4195 partem
900 4105 1041 4192 priorem
1062 4101 1261 4181 Aristonico,

152 4214 365 4300 posteriorem
385 4211 532 4299 Didymo
554 4209 710 4273 vindicat.

234 4319 285 4379 40.
306 4308 518 4400 Ἀρίσταρχος
535 4309 636 4397 χωρὶς
652 4313 714 4374 τοῦ
731 4303 921 4392 θἈλεια,
936 4300 1026 4389 παρά
1044 4299 1106 4388 τὴν
1121 4297 1194 4368 άλα.
1218 4303 1260 4367 A.

988 4401 1051 4467 li*
