2948 5024
556 481 599 490 —
641 444 673 506 Κ
714 479 757 488 -
1118 384 1200 502 Ι141

97 623 273 714 ἀπεβήτην
291 628 348 715 (ΙΙ.
368 632 400 692 Φ
420 628 509 709 287).
541 625 578 690 ἐν
599 626 713 710 μέντοι
734 625 774 709 τή
791 616 1052 706 Ἀριστοφάνους
1072 625 1126 689 καὶ
1148 620 1208 690 άλ-

98 735 172 807 λαις
200 726 321 811 ἑτέρως
346 727 484 812 ίφέρετο
518 720 590 805 (σός
618 718 752 810 ἔφατ’·
782 717 871 789 οὐδ’
897 718 1083 808 ἀπίθησε
1103 723 1208 809 βοήν

102 824 265 914 άμαδός
293 826 522 915 Διομήδης.
565 824 768 903 ἐλθόντες
799 819 833 891 δ’
859 820 1059 909 ἑκάτερθε
1086 825 1209 909 παρὲξ

102 925 207 996 ὁδοῦ
229 930 272 996 ἐν
294 928 490 996 νεκύεσσι
509 926 781 1014 κλινθήτην)
804 928 845 993 A.

187 1037 259 1099 344.
293 1031 592 1119 ἐπιδραμέτην·
612 1028 823 1116 Ἀρίσταρχος
845 1026 1143 1112 ἐπεδραμέτην.
1167 1032 1209 1095 A.

189 1133 273 1222 [359.
302 1128 340 1199 τό
360 1128 614 1220 ὁρμήθησαν
633 1129 766 1222 Ἰααώς.]
791 1132 833 1196 Α.
877 1130 1081 1196 Vocabulum
1100 1125 1212 1211 Ἰατιοῑς

103 1235 273 1300 lectionem
295 1235 540 1301 Aristarchoom
562 1237 679 1318 innuit,
701 1235 745 1300 oi.
767 1244 800 1301 A
818 1235 888 1299 162.
910 1237 984 1298 464.
1008 1236 1070 1298 598
1092 1239 1120 1301 Β
1138 1237 1211 1299 295.

101 1339 173 1400 427.
187 1341 244 1401 751
270 1339 302 1401 Γ
309 1341 372 1400 415
394 1344 427 1403 Δ
439 1338 511 1402 213.
524 1340 597 1403 329.
615 1342 675 1401 517
698 1340 806 1403 11900
821 1340 849 1401 Ζ
870 1341 939 1400 155.
963 1340 1021 1399 157
1043 1341 1085 1402 M
1094 1338 1168 1401 420.

185 1440 257 1503 362.
280 1433 354 1504 ὁτέ
363 1433 552 1523 σύνδεσμος
564 1433 627 1503 οὐκ
639 1427 682 1523 ήν
700 1438 737 1503 ἐν
748 1449 817 1518 τοῖς
829 1438 905 1526 (sio)
922 1434 1149 1525 Ἀριστάρχου.
1167 1441 1210 1505 A.

184 1544 257 1606 387.
281 1534 317 1624 (ή
340 1541 443 1622 διπλῆ
461 1540 539 1621 -)·
561 1536 675 1623 ήδέτει
698 1539 754 1604 καὶ
770 1533 1022 1622 Ἀριστοφάνης.
1045 1543 1086 1608 A.

185 1645 257 1706 391.
281 1634 459 1726 ήμαμεν·
479 1635 721 1727 Ἀριστοφάνης
737 1636 916 1726 ήπαφεν.
940 1642 982 1707 A.

185 1745 257 1807 398.
289 1743 341 1807 01.
363 1742 489 1808 Friedl.
511 1743 658 1809 Ariston.
678 1768 711 1830 p.
736 1747 794 1809 180
812 1743 868 1809 W.
891 1742 1052 1809 Ribbeck.
1074 1755 1212 1834 quaesit.

101 1843 229 1907 Zenod.
252 1867 284 1932 p.
308 1849 339 1907 7.

115 1937 119 1941 ’
187 1948 260 2010 413.
295 1946 528 2025 καταλέξω·
558 1941 666 2025 οὕτως
685 1943 912 2033 Ἀρίσταρχος,
935 1941 1029 2013 ἄλλοι
1050 1947 1087 2016 δὲ
1109 1942 1213 2033 ἆγο-

61 2092 67 2104 ,
101 2044 250 2128 ρεύσω.
269 2047 311 2111 A.

185 2151 257 2214 431.
280 2145 530 2234 ἱππόδαμοι·
551 2143 760 2237 Ἀρίσταρχος
781 2147 1018 2235 ἱππόμαχοι.
1041 2153 1083 2217 Α.

185 2253 258 2313 445.
281 2238 369 2334 ήὸα
392 2245 481 2316 κατ’
504 2246 644 2316 αἶσαν·
670 2247 703 2342 [ii
723 2254 827 2337 διπλῆ
848 2247 911 2342 ὅτι]
938 2248 1148 2338 Ἀρίσταρχος
1166 2247 1213 2337 ήὲ

102 2343 187 2415 κατ’
204 2345 328 2416 αἶσαν
342 2353 405 2431 ἔξω
422 2350 537 2438 τοῦρά.
561 2353 617 2418 καὶ
635 2347 687 2418 ότι
708 2354 786 2441 (leg.
799 2356 901 2439 ἔστιν,
912 2364 949 2420 ut
960 2356 1075 2438 3397)
1094 2349 1213 2436 ὅμοιον

103 2455 149 2540 τῷ
183 2447 239 2535 ‘vii
260 2451 341 2535 μετὰ
364 2448 567 2536 Τράεσσιυ.’
598 2454 639 2518 A.
683 2449 836 2539 VerbaiJ
864 2457 966 2539 διπλῆ
997 2449 1048 2519 ότι
1075 2456 1214 2541 proscri-

101 2552 211 2617 bendo
234 2575 307 2618 esso
328 2555 483 2621 viderunt
502 2556 619 2620 Lehro.
642 2555 776 2638 Friedl„
799 2556 843 2620 of.
865 2579 897 2622 v.
921 2558 994 2620 225.

186 2659 259 2720 461.
290 2651 510 2742 ἀνέσχεθε·
531 2678 584 2740 χρ.
604 2649 813 2737 ἀνέσχετο.
858 2656 1013 2743 Sequitur
1034 2655 1216 2720 Aristonici
1292 2722 1295 2727 ,

104 2754 261 2821 scholion.
295 2757 337 2821 A.

187 2859 260 2921 463.
282 2853 494 2944 Ἀρίσταρχος
511 2858 827 2944 ἐπιδωσόμεθατ·
854 2856 900 2926 ἵν’
924 2848 947 2947 ή
968 2855 1091 2944 δώροις
1118 2857 1216 2944 τιμή-

103 2971 218 3040 σομεν.
241 2960 282 3022 Α.
900 3001 902 3006 ·

186 3063 258 3124 465.
281 3054 422 3138 όψόδ·
436 3061 536 3146 διχῶς
546 3063 583 3128 αί
589 3057 804 3151 Ἀριστάρχου
816 3056 898 3142 tivo
905 3082 926 3129 σ
933 3088 949 3130 ε
965 3059 1154 3141 καὶδνού.
1173 3065 1214 3130 Α.

187 3164 260 3226 466.
283 3166 490 3247 μυρίκην·
513 3159 579 3231 οὐν
599 3170 646 3256 τῷ
668 3191 689 3231 ν
707 3169 906 3253 μυρίκην.
928 3167 970 3232 Α.

186 3266 259 3326 477.
290 3252 417 3343 οὗτός
441 3289 522 3332 τοι·
552 3263 660 3348 οὕτως
687 3257 813 3347 οὗτός
839 3292 921 3334 τοι·
954 3264 1026 3335 ἅνω
1055 3271 1093 3336 δὲ
1116 3259 1216 3348 οὗτος

103 3387 164 3441 τις.
188 3363 229 3428 A.
254 3364 307 3429 01.
330 3369 364 3431 Κ
383 3369 455 3432 341.

95 3461 101 3472 ’
183 3463 1215 3557 489.πλήξειε·οὕτωςἈρίσταρχος,άλλοιδέπλήξασκε.Α.

184 3570 257 3632 497.
278 3563 358 3634 οὔτε
376 3568 414 3633 ἐν
433 3569 623 3659 Ζηνοδότφ,
646 3568 726 3639 οὔτε
745 3575 787 3638 ἐν
800 3578 840 3660 τῇ
851 3569 1115 3656 Ἀριστοφάνους
1136 3571 1216 3652 ίφέ·

105 3689 192 3751 ρετο.
214 3671 256 3735 A.
282 3670 335 3735 01.
360 3677 388 3736 Θ
410 3675 483 3736 371.

189 3773 263 3834 595.
285 3764 410 3846 ὑφόσ’
433 3773 543 3854 διχῶς,
563 3766 675 3848 ὑψοῦ
696 3772 751 3837 καὶ
775 3767 916 3849 ὑψόσε.
941 3772 982 3836 A.

189 3875 263 3937 513.
290 3867 534 3958 ἐπεβήσετο·
555 3865 667 3965 οὕτως
686 3865 907 3957 Ἀρίσταρχος,
931 3868 1026 3938 ἄλλοι
1056 3873 1093 3937 δὲ
1118 3870 1218 3939 ἐπε·
1320 3853 1325 3873 ⁵

103 3972 269 4057 βήσατο.
292 3973 335 4038 A.
1298 3991 1302 3995 ”

190 4077 274 4157 [534.
298 4070 388 4160 παρὰ
405 4067 586 4160 Ζηνοδότφ
608 4073 644 4140 δὲ
667 4069 731 4139 otiu
748 4064 792 4159 ήν
814 4068 832 4139 ό
851 4079 969 4161 στίχος.
997 4078 1061 4161 7.]

189 4177 265 4261 538.
285 4170 389 4242 κατὰ
404 4176 554 4260 φρένα·
573 4171 783 4262 Ἀρίσταρχος
801 4174 900 4262 μετά
920 4185 1082 4266 φρεσίν.
1103 4181 1144 4245 A.

188 4280 267 4342 539..
297 4273 495 4362 Ἀργείαν
527 4280 569 4344 οί
598 4273 781 4362 ἄριστοι·
822 4276 1033 4368 Ἀρίσταρχος
1060 4280 1219 4367 Ἀργείων

99 4371 278 4461 ὤριστοι
300 4380 355 4445 καί
375 4375 459 4446 ἄνευ
482 4385 543 4446 τοῦ
564 4407 587 4447 ι.
615 4382 657 4446 A.
