2932 5002
253 409 316 470 too

250 579 332 653 secte
357 577 484 638 Tulliam
505 577 711 652 reprehendit,
737 576 932 650 sillopropltos
956 579 1084 636 imitatos
1113 581 1275 655 scriptores
1301 590 1395 640 trur-¹

255 681 379 752 ledioos,
409 679 518 738 induto
548 678 703 738 doctorum
727 679 847 735 aurium
875 680 1045 751 moueatur,
1074 687 1106 738 at
1134 683 1278 741 immania
1296 681 1370 755 sre-

255 789 378 842 mentem
403 785 514 840 leonem
536 779 708 854 patrocinalis
737 779 855 838 vocibus
883 785 1006 851 (cunm)
1028 783 1144 840 cretulus
1164 785 1282 857 lonqins
1302 788 1369 844 cir-

254 885 466 943 cumlatrent!
512 876 637 939 Horum
663 874 837 958 librorum,
860 898 996 962 qucrmn
1016 880 1172 942 memoria
1196 879 1266 943 fere
1288 879 1368 944 obli·
1448 900 1454 910 ·

254 990 361 1045 terata
384 991 448 1062 est,
478 977 626 1042 meminit
647 987 779 1064 praeter
803 977 1013 1042 Ammianum
1035 1002 1120 1043 unus
1144 979 1263 1046 Suidas
1286 1005 1313 1045 a.
1336 1004 1368 1045 v.

260 1080 476 1167 Τράγκυλλος
498 1127 506 1144 .
532 1128 539 1145 .
564 1128 572 1144 .
597 1126 606 1142 .
630 1076 705 1162 περὶ
726 1081 784 1162 τῆς
806 1078 999 1160 Κικέρωνος
1021 1085 1205 1165 πολιτείας,
1235 1075 1367 1147 ἀντιλέ-

255 1210 306 1271 γει
336 1181 373 1249 δὲ
406 1185 451 1269 τῷ
480 1178 633 1267 Διδύμῳ.
662 1219 704 1241 ,-
734 1179 822 1244 Hine
851 1181 973 1245 sactum
1008 1191 1057 1245 est
1089 1193 1126 1246 ut
1154 1206 1174 1246 a
1202 1184 1367 1249 nonnullis

251 1297 363 1352 noster
391 1287 477 1349 inter
498 1282 715 1370 sillographos
742 1283 935 1365 referretur,
966 1305 994 1346 e.
1018 1306 1050 1368 g.
1075 1307 1095 1348 a
1115 1285 1234 1350 Vossio
1255 1286 1362 1349 Instit.

255 1397 340 1477 poet.
363 1387 399 1451 ΙΙ
421 1409 449 1450 c.
471 1388 511 1449 20
534 1388 554 1466 ἕ
577 1388 604 1447 1.
648 1384 771 1448 Verum
791 1392 901 1447 tamen
924 1386 1055 1450 omnino
1077 1408 1141 1450 non
1165 1388 1270 1472 magis
1292 1409 1367 1451 con·

254 1500 328 1573 stat,
348 1511 430 1576 opus
452 1487 535 1551 illud
556 1495 664 1550 utrum
685 1485 840 1569 ligataan
863 1484 970 1550 soluta
988 1490 1134 1552 oratione
1154 1490 1365 1575 compositum

255 1592 369 1674 fuerit,
392 1612 489 1677 quam
512 1589 736 1653 sententiaenc
758 1608 800 1649 an
828 1586 922 1650 stilus
942 1587 1109 1680 Ciceronis
1137 1590 1172 1653 in
1193 1589 1367 1676 reprehen-

255 1696 380 1761 sionem
403 1691 542 1778 Didymi
573 1690 734 1754 inciderit.
778 1688 856 1752 Vid.
886 1687 1026 1752 Paulum
1060 1690 1102 1755 de
1132 1689 1215 1754 sillia
1248 1713 1280 1776 p.
1314 1694 1366 1769 22.

254 1796 444 1860 Hariolatur
464 1794 565 1879 igitur
597 1815 649 1856 me
671 1791 780 1855 iudice
810 1790 866 1854 Fr.
889 1791 1036 1856 Ritterus
1055 1814 1087 1878 p.
1111 1794 1147 1875 3,
1167 1814 1241 1857 cum
1268 1793 1365 1858 dicit:
1404 1838 1407 1842 ι

254 1899 417 1963 ‘Antonio
438 1896 594 1960 hactenus
613 1893 816 1978 gratificatus
840 1902 905 1976 eet,
932 1902 968 1957 ut
991 1892 1159 1959 Ciceronis
1178 1895 1317 1960 consilia
1335 1906 1368 1960 et

252 2003 412 2064 rationem
447 1996 666 2084 capessendae
701 1994 902 2082 reipublicae
929 2019 990 2060 sex
1022 1995 1115 2060 libris
1152 1999 1365 2083 exagitaret.’

255 2103 491 2166 Coniecturam⁴
518 2098 664 2185 profecto
700 2100 779 2162 satis
813 2098 1023 2162 vacillantem
1061 2098 1202 2164 debebat
1240 2102 1365 2164 minore

252 2225 326 2266 cum
354 2199 551 2266 confidentia
577 2200 806 2286 pronunciare.
840 2200 971 2281 Quanto
992 2201 1114 2265 rectius
1135 2201 1247 2266 bacin
1268 2224 1364 2290 quae·

252 2304 357 2368 stione
388 2301 623 2365 antestabimur
644 2300 788 2365 Plinium
821 2303 856 2364 in
888 2300 1029 2387 epistula
1058 2303 1295 2389 nuncupatoria
1322 2303 1365 2366 ad

251 2405 491 2491 Vespasianum
512 2427 544 2491 p.
569 2405 587 2467 8
611 2404 700 2489 Bip.,
724 2404 780 2490 qui
804 2403 997 2468 Ciceronem
1014 2402 1172 2487 'inlibris
1199 2404 1241 2468 de
1270 2427 1365 2491 repu-

251 2507 339 2572 blica
356 2506 503 2571 Platonis
526 2528 561 2569 se
583 2506 733 2570 comitem
758 2528 830 2570 esse
856 2505 1039 2592 professum
1057 2505 1175 2589 refert3
1194 2516 1293 2594 atque
1312 2507 1366 2570 hic

250 2611 321 2695 ipse
351 2630 476 2691 comes,
511 2609 539 2672 si
569 2630 674 2672 meam
704 2607 963 2694 qualemcunque
993 2610 1178 2695 opinionem
1212 2610 1365 2696 requiris,

250 2711 337 2797 apud
356 2710 537 2797 Didymum
557 2709 672 2773 babuit
691 2709 914 2773 offensionem.
958 2710 1169 2775 Aristotelem
1192 2711 1278 2773 enim
1300 2733 1367 2773 ma-

251 2816 319 2878 iore
349 2835 446 2900 quam
469 2811 640 2877 Platonem
670 2802 780 2874 amore
808 2821 953 2875 nostrum
982 2811 1169 2898 amplexum
1192 2834 1264 2876 esse
1286 2814 1366 2876 ecri-

250 2925 306 3003 pta
328 2916 397 2979 eius
421 2914 614 3002 loquuntur,
645 2912 761 2977 Cicero
784 2934 863 2976 vero
885 2912 1007 2977 factum
1029 2934 1101 2976 esse
1121 2921 1229 2998 potest
1248 2923 1286 2977 ut
1308 2916 1368 2977 vix

250 3016 457 3080 millesimam
479 3017 649 3102 utriusque
666 3013 852 3102 philosophi
874 3025 1000 3101 partem
1023 3024 1111 3078 recte
1136 3014 1365 3080 intellexisset.

198 3164 199 3167 κ
250 3117 302 3182 Of.
328 3119 368 3182 A.
391 3117 471 3180 Maii
489 3117 593 3202 prael.
616 3139 648 3204 p.
670 3115 830 3181 XXXIII
850 3116 901 3182 ed.
920 3116 1040 3182 Moser.
1078 3210 1080 3215 .

746 3354 861 3459 [na

335 3524 485 3614 [Didymi
507 3522 727 3587 Alexandrini
754 3547 950 3588 marmorum
974 3536 1006 3589 et
1027 3525 1191 3609 lignorum
1211 3545 1364 3611 quorum·

247 3628 298 3691 vis
319 3650 506 3708 mensurae,
528 3649 577 3710 gr.
597 3647 638 3689 ex
660 3624 813 3690 Ambros.
838 3627 910 3690 cod.
934 3649 1006 3689 cum
1030 3627 1140 3690 latinis
1155 3624 1277 3709 Angeli
1295 3625 1364 3688 Mai

246 3730 332 3792 notis
355 3737 388 3792 et
415 3729 582 3811 interpret.
605 3726 728 3811 prodiit
752 3725 885 3789 Mediol.
913 3727 1003 3789 1817.
1026 3727 1056 3789 8.
1088 3723 1130 3788 ad
1158 3723 1240 3786 calc.
1264 3722 1362 3787 Iliad.

247 3828 566 3894 Commemoraverat
587 3827 653 3889 iam
682 3827 708 3890 I.
731 3825 773 3890 A.
795 3825 968 3891 Fabricius
991 3826 1029 3889 B.
1055 3827 1096 3891 G.
1128 3824 1216 3888 XIII
1237 3847 1269 3910 p.
1304 3828 1357 3886 141

194 3957 196 3961 ¹
245 3929 302 3994 lib.
323 3931 371 3994 VI
399 3952 470 4015 cap.
493 3929 545 3992 IX
572 3929 709 4022 Didymi
739 3929 957 3994 Alexandrini
979 3927 1055 4012 περὶ
1084 3931 1151 3992 τῶν
1174 3922 1362 4008 μαρμάρων

245 4030 300 4095 καὶ
328 4035 497 4096 παντοίων
517 4029 630 4107 ξύλων
650 4029 839 4114 μετρήσεως
871 4053 913 4095 ex
932 4030 1087 4097 Anatolio
1111 4029 1204 4092 Msto
1233 4028 1267 4089 in
1289 4026 1365 4090 cod.

173 4175 178 4187 »
245 4133 407 4197 Bavarico
427 4132 513 4220 238.]
