2962 5024
1211 416 1271 477 241

162 571 319 636 momoria
349 569 391 633 ab
414 570 580 657 Hesychio
604 570 625 635 l.
648 572 670 635 l.
693 582 888 660 propagata,
916 573 958 637 ab
985 597 1050 640 uno
1073 576 1218 662 Didymo
1239 583 1273 644 in

164 672 271 754 lesioo
293 672 419 756 tragico
440 672 664 756 redintegrata
683 673 789 739 videri
808 676 938 761 poterit.
959 720 961 724 ι

699 880 735 962 8.

391 1029 686 1096 Commentarii
715 1031 754 1093 in
784 1029 1041 1116 Sophoclem.

251 1184 298 1272 (l)
320 1181 538 1248 Sohol.Lau1·.
555 1181 653 1269 Soph.
679 1181 769 1247 0.0.
786 1186 845 1247 156
868 1177 956 1248 ἀλλ’
980 1185 1048 1249 ἵνα
1069 1181 1122 1270 μὴ
1144 1207 1274 1271 προσ-

164 1283 308 1372 πέσῃς·
345 1279 419 1349 ἀντὶ
438 1287 500 1349 τοῦ
525 1280 570 1368 μὴ
591 1283 792 1368 προσπίσμς,
838 1284 892 1349 καὶ
921 1281 1003 1350 κατὰ
1026 1281 1089 1371 τὴν
1111 1281 1275 1372 ἡμετέραν

163 1384 352 1472 συνήθειαν
376 1383 547 1469 εἰώθαμεν
568 1384 678 1468 λέγειν
700 1380 818 1468 οὕτως,
840 1387 897 1450 ἵνα
911 1390 1083 1478 παραγένῃ
1101 1387 1185 1475 πρὸς
1207 1391 1275 1478 ἐμέ,

163 1489 332 1576 βούλομαί
351 1505 406 1553 σοι
429 1491 614 1572 σημαίνειν.
660 1482 750 1550 οὕτω
773 1490 970 1573 Δίδυμος.

252 1593 300 1679 (2)
324 1592 369 1656 ib.
390 1593 450 1655 237
479 1579 507 1652 οδ
533 1587 649 1664 ξένοι
680 1586 954 1671 αἰδόφρονες·
986 1588 1023 1655 τδ
1046 1596 1105 1677 τῆς
1124 1589 1275 1677 Ἀντιγό-

161 1717 223 1778 νης
247 1691 430 1777 πρόσωπον
451 1686 533 1755 ὅλον
562 1687 617 1752 καὶ
637 1686 674 1754 τὸ
696 1694 758 1753 τοῦ
776 1695 882 1774 χοροῦ
901 1690 1171 1780 τδτετράσττχον
1190 1692 1275 1763 ἀθε-

164 1799 314 1860 τοῦνται.
371 1802 524 1874 κρεῖττον
565 1789 629 1874 γάρ
664 1809 770 1874 φασιν
803 1788 933 1872 εὐθέως
961 1799 1008 1883 τῷ
1040 1798 1276 1887 διααιολογικῷ

164 1896 354 1981 χρήσασθαι
372 1890 433 1959 τὸν
457 1895 624 1958 Οἰδίπουν
646 1891 731 1976 πρὸς
753 1889 887 1972 αὐτούς.
929 1890 1014 1962 ἀλλά
1035 1893 1075 1963 τά
1098 1898 1275 1984 πράγματα

162 1994 277 2074 αὐτοῖς
297 1993 361 2062 οὐκ
383 1997 420 2062 ἐν
443 2000 549 2084 καιρῷ
571 1997 680 2080 ἐστιν,
704 1990 778 2062 ἀλλ’
797 1997 835 2061 ἐν
855 1999 1063 2087 δυσπραγίᾳ,
1086 1997 1172 2066 ὥστε
1193 2001 1275 2068 ἕποι’

162 2100 328 2184 φρόδιτον
350 2094 560 2176 είναιαάτοίς
577 2095 640 2182 τὴν
661 2099 906 2183 ίλεεινοίογίαυ
928 2099 984 2167 καί
1006 2108 1105 2169 τοῦτο
1117 2099 1155 2169 τὸ
1168 2102 1275 2186 πρόσ-

161 2226 255 2269 ωπον
280 2198 495 2287 ἡἈνττγόνη
523 2207 652 2286 πληροῖ.
699 2202 769 2267 ἐπεὶ
799 2202 914 2286 μέντοι
941 2195 1037 2271 οὗτοι
1065 2202 1107 2271 οὐ
1132 2200 1275 2274 πείθον-

163 2329 233 2386 ται,
255 2301 330 2369 τότε
352 2301 654 2387 δικαιοίογαίτερον
669 2302 730 2368 οιαὶ
753 2300 865 2385 ὥσπερ
888 2299 1160 2392 ἀπολογούμενος
1181 2308 1275 2391 ἐκφέ·

164 2431 216 2488 ρει
236 2402 277 2470 τὰ
295 2403 368 2487 ἑξῆς
388 2398 407 2468 δ
432 2406 604 2485 Οἰδίπους,
627 2401 679 2469 ὅτι
702 2400 846 2469 ἀκούσιά
867 2406 959 2471 ἐστιν
981 2402 1087 2473 αὐτοῦ
1108 2404 1149 2473 τά
1167 2403 1273 2493 ἆμαρ·

163 2504 300 2591 τήματα.
352 2502 407 2569 καί
438 2506 469 2567 εἰ
499 2507 604 2567 ταῦτα
638 2508 697 2585 τῆς
725 2499 840 2587 ὁμοίας
871 2508 978 2589 ἔχεται
1010 2507 1186 2592 δυνάμεως
1213 2515 1276 2575 τοῦ

167 2610 319 2692 ποιητοῦ.
370 2603 424 2670 καὶ
459 2600 612 2670 καθόλου
640 2603 819 2690 θαυμαστή
849 2610 896 2682 τίς
926 2606 1017 2672 ἐστιν
1052 2603 1072 2691 ἡ
1103 2610 1276 2694 οἰκονομία

162 2714 226 2775 τοῦ
254 2700 431 2792 δράματος.
476 2699 581 2771 οὐδὲν
608 2702 644 2771 δὲ
671 2705 709 2770 ἐν
737 2717 807 2783 τοῖς
828 2706 1030 2790 Διδύμου
1049 2705 1180 2774 τούτων
1198 2704 1277 2795 ὀβε-

162 2807 282 2878 λισθὲν
305 2804 459 2893 εὕρομεν.
506 2807 644 2872 Videtur
665 2807 717 2871 Pii
740 2830 812 2872 esso
844 2808 1010 2874 adnotatio
1039 2809 1177 2897 Didymi
1205 2834 1276 2877 ver-

163 2914 225 2996 bis,
250 2914 461 2999 inquantum
482 2910 597 2996 potuit,
615 2910 765 2974 servatis.

250 3015 299 3102 (3)
312 3014 356 3078 ib.
371 3017 431 3078 763
452 3016 590 3096 πείρα·
613 3010 809 3096 βαρυτόνως
829 3007 1065 3097 ἀναγνωστέον
1080 3016 1150 3080 πεί
1154 3038 1214 3102 ρᾳ,
1234 3009 1277 3081 οὐ

163 3115 434 3203 περισπωμένως.
485 3110 574 3181 οὕτω
595 3116 797 3198 Δίδυμος.

248 3221 347 3285 Laur.
379 3221 490 3302 πείρᾶτ
520 3218 607 3306 (sio).
653 3218 861 3283 Hermannus
892 3218 1075 3304 suspicatur
1096 3217 1277 3305 Didymum

164 3323 285 3409 legisse
310 3325 344 3387 τί
363 3324 441 3407 τῇδε
465 3325 563 3408 πείρᾳ
585 3321 639 3386 vel
656 3325 690 3385 τί
706 3324 828 3401 ταύτας
848 3325 946 3408 πείρᾳ
964 3315 1055 3406 κάμέ.
1087 3320 1140 3386 Of.
1164 3321 1275 3385 Wolff.

164 3425 205 3490 de
237 3425 336 3489 schol.
368 3424 466 3488 Laur.
500 3446 532 3510 p.
568 3426 639 3488 229.
691 3423 939 3489 Schneidewino
971 3423 1080 3488 iudios
1112 3420 1276 3505 Didymus

164 3527 304 3590 coniecit
319 3530 416 3609 πείρᾳ
440 3528 474 3609 (a
487 3529 642 3610 πείραμαι
665 3511 895 3609 dosivandum)
919 3545 977 3610 pro
991 3525 1089 3603 πειρᾱ
1101 3522 1136 3606 (a
1153 3522 1277 3600 πειρῶ-

165 3629 238 3708 μαι)
261 3624 336 3689 coll.
362 3626 462 3690 schol.
479 3626 600 3711 Odyss.
616 3632 634 3690 ί.
652 3629 709 3689 221
735 3628 774 3691 Il.
795 3632 824 3699 Ξ
845 3628 904 3688 199
926 3622 1074 3687 Lobeck.
1099 3620 1276 3707 Phrynioh.

164 3746 197 3809 p.
218 3726 280 3786 359
300 3746 367 3809 sq.,
396 3725 468 3788 fieri
490 3734 599 3788 tamen
623 3748 737 3810 posse,
759 3735 795 3788 ut
817 3724 982 3808 Didymus
1005 3721 1202 3786 eontrarium
1221 3720 1277 3785 ad·

165 3823 329 3888 notaverit
361 3826 501 3908 πειρᾷ·
535 3822 793 3905 περισπωμένως
815 3818 1050 3904 ἀναγνωστέον
1070 3824 1212 3906 πειρᾷ,
1235 3814 1277 3885 οὐ

167 3921 363 4011 βαρυτόνως
384 3927 518 4009 πείρᾳ.
564 3924 616 3989 cf.
641 3924 756 3989 Jahrb.
787 3925 810 3989 f.
834 3923 953 3988 Philol.
974 3946 1005 3988 u.
1027 3922 1171 4007 Paedag.
1198 3922 1277 3985 1853

253 4126 301 4213 (4)
324 4127 403 4192 Ant.
428 4132 447 4190 4
474 4118 559 4189 οὔτ’
589 4119 689 4206 ἀτης
718 4117 835 4204 ἅτερ·
865 4117 1054 4204 Δίδυμός
1075 4137 1198 4205 φησιν,
1226 4115 1278 4185 δτι

167 4228 205 4294 ἐν
224 4227 357 4306 τούτοις
377 4225 415 4294 τό
438 4221 539 4310 *ἄτης
560 4221 657 4311 ἀτερ’
683 4224 841 4304 ἐναντίως
862 4225 1078 4290 συντέτακται
1100 4232 1170 4301 τοῖς
1190 4238 1279 4307 συμ-

167 4330 395 4413 φραζομίνοις.
442 4327 530 4412 λέγει
555 4327 620 4413 γὰρ
642 4322 766 4406 οὕτως·
789 4322 892 4392 οὐδὲν
915 4322 979 4411 γάρ
1002 4325 1094 4391 ἐστιν
1116 4319 1195 4390 οὔτε
1213 4319 1276 4390 ἀί-

219 4454 378 4497 οιουνυε.
1032 4427 1070 4488 16
