2932 5002
1179 483 1242 544 405

126 643 316 727 συμβολικῄ
327 637 451 722 φράσει
473 643 600 725 δεξιῶς,
622 641 726 725 φησὶν
744 636 762 706 ὁ
786 643 1012 728 γραμματικὸς
1034 647 1240 733 Δίδυμος,

127 741 182 806 καὶ
202 736 239 806 τὸ
260 746 423 826 γνωρίσαι
442 739 479 808 τὸ
504 737 559 809 διὰ
581 739 707 826 ταύτης
729 744 951 829 δηλούμενον.
993 746 1046 812 Of.
1068 770 1100 833 p.
1125 749 1197 812 379.

659 935 708 995 14.

211 1049 251 1113 In
277 1049 426 1135 scriptor.
453 1070 563 1134 gnom.
586 1049 663 1114 edit.
687 1049 829 1115 Froben.
855 1053 931 1114 1521
962 1050 1063 1114 Basil.
1087 1050 1173 1115 inter
1195 1052 1242 1115 vi-

127 1172 235 1215 rorum
265 1150 441 1215 illustrium
471 1151 649 1214 sententias
678 1151 832 1237 leguntur
860 1175 893 1237 p.
924 1155 984 1216 172
1017 1152 1114 1216 etiam
1143 1152 1240 1218 haec:

127 1248 336 1335 Διδύμου·
362 1253 554 1336 Δίδυμος
575 1246 611 1317 τό
635 1251 758 1316 εἰδέναι
783 1247 868 1335 τινα,
889 1247 941 1319 ὅτι
964 1247 1096 1336 ἀγνοεῖ,
1120 1256 1241 1337 σοφίας

128 1351 234 1435 ἐστίν,
258 1348 368 1437 εἶπεν,
388 1346 434 1431 ὦς
456 1352 511 1417 καὶ
531 1348 567 1419 τὸ
592 1350 732 1435 εἰδέναι,
760 1346 811 1416 ὅτι
831 1348 984 1439 ἠδίκησε,
1012 1350 1239 1439 δικαιοσύνης.

671 1543 708 1602 15

211 1657 301 1722 Stob.
316 1657 419 1721 Serm.
443 1656 503 1743 lp.
520 1660 548 1739 5,
561 1662 603 1720 45
626 1658 677 1723 ed.
691 1657 806 1722 Aurel.
827 1656 954 1723 Allobr.
981 1660 1061 1721 1609
1080 1656 1137 1723 fol.
1160 1673 1241 1741 σχη-

125 1762 262 1844 ματίζου
283 1752 345 1842 τὴν
367 1752 508 1842 ἀρετήν,
529 1750 592 1840 ούχ
614 1753 706 1836 ὅπως
725 1752 914 1844 ἅπατήσῃς,
938 1753 1011 1824 ἀλλ’
1034 1754 1126 1836 ὅπως
1149 1753 1240 1842 eips-

126 1858 238 1946 λήσῃς.

212 1964 392 2026 Βασιλείαν
413 1962 501 2024 θεοῦ
522 1961 658 2025 λεκτέον
676 1954 738 2044 τὴν
755 1956 958 2025 κατάστασιν
975 1964 1044 2025 τῶν
1058 1961 1142 2047 κατὰ
1160 1956 1240 2041 τούς

126 2067 243 2139 θείους
266 2062 393 2146 νόμους
414 2058 594 2147 βιούντων.
802 2150 805 2153 p
1136 2143 1138 2145 ‚

210 2168 309 2234 Πᾶσα
336 2163 501 2246 πρακτικὴ
530 2156 631 2247 ἀρετ»)
661 2162 698 2228 ἐν
720 2153 770 2252 τῷ
792 2166 947 2247 γίνεσθαι
970 2161 1026 2228 καὶ
1048 2157 1112 2228 ούκ
1135 2167 1172 2230 ἐν
1194 2169 1240 2253 τῷ

126 2265 301 2351 γεγονέναι
322 2260 359 2329 τὸ
384 2260 468 2328 εἶναι
491 2265 567 2345 ἔχει.
1135 2279 1139 2353 J

211 2365 256 2429 ib.
279 2364 327 2426 VI
354 2388 387 2450 p.
411 2368 464 2445 11,
486 2367 525 2425 25
558 2361 598 2428 τὰ
626 2363 687 2446 μὲν
716 2359 859 2430 ἀκούσια
889 2359 1107 2448 ἁμαρτήματα
1135 2364 1190 2428 καὶ
1220 2359 1238 2427 ὁ

128 2465 231 2551 νόμος
254 2475 423 2549 συγχωρεῖ
439 2464 493 2528 καί
514 2460 596 2541 θεὸς
614 2467 746 2550 παρορᾷ
768 2462 1013 2546 φιλάνθρωπος
1036 2456 1084 2528 aiv
1105 2463 1160 2529 καὶ
1176 2459 1240 2529 ούκ

127 2564 257 2652 ἀπηνὴς
278 2565 333 2632 καὶ
354 2569 422 2630 τῶν
443 2562 616 2630 ἑκουσίων.

210 2669 333 2733 Verum
360 2677 469 2732 tamen
497 2667 558 2730 bae
586 2665 725 2730 laciniae
753 2687 826 2728 eum
855 2689 920 2731 non
945 2667 1052 2752 magis
1072 2667 1114 2731 ad
1135 2666 1239 2752 Didy-

127 2794 214 2836 mum
237 2770 487 2842 Chalcenterum
511 2770 673 2856 pertinere
699 2768 887 2852 videantur,
920 2792 1017 2856 qnam
1039 2791 1122 2855 quae
1145 2769 1239 2833 Ioan-

125 2897 184 2939 nes
209 2871 378 2938 Stobcnsis
404 2872 438 2934 in
467 2870 562 2936 floril.
587 2872 637 2935 tit.
662 2869 804 2935 011128
833 2869 870 2934 ἐκ
889 2875 947 2955 τῆς
970 2868 1129 2954 Διδύμου
1150 2865 1239 2936 Ἐπι-

127 2978 232 3057 τομῆς
257 2996 278 3038 a
305 2972 415 3036 verbis
444 2973 521 3036 inde
555 2969 618 3055 τὴν
650 2964 683 3036 δ’
715 2965 995 3055 εύσαιμονίαν-
1019 2972 1065 3047 είς
1086 2968 1123 3036 τὸ
1145 2970 1238 3048 τέλος

126 3076 303 3162 excerpsit,
330 3073 472 3138 frustula
493 3073 544 3137 his
567 3072 687 3138 similia
707 3096 872 3159 apponere
895 3071 1114 3158 supersedebo
1143 3073 1177 3136 in
1203 3073 1236 3137 S.

125 3178 271 3242 Maximo
292 3174 489 3240 confessore
513 3184 545 3239 et
563 3175 701 3239 Antonii
722 3173 858 3238 Melissa
881 3175 1056 3239 exstantia.
1102 3174 1154 3240 Of.
1175 3176 1237 3240 Fa·

23 3313 28 3321 ·
126 3277 207 3343 bric.
236 3276 318 3341 bibl.
341 3276 399 3340 Gr.
419 3276 503 3340 VllI
531 3300 562 3363 p.
585 3279 657 3341 833.
703 3276 848 3356 Quorum
869 3277 973 3341 altera
997 3298 1073 3363 pars
1097 3278 1237 3342 fortasse

126 3402 146 3443 a
164 3379 309 3466 Didymo
327 3377 545 3464 Pythagorico
567 3376 706 3444 Neronis
727 3378 856 3465 aequali
887 3379 1008 3466 (quode
1030 3379 1171 3442 Hecren.
1203 3380 1236 3440 in

126 3503 240 3545 comm.
262 3481 303 3545 de
329 3479 410 3543 font.
436 3478 496 3543 ecl.
524 3479 572 3543 Io.
594 3479 683 3543 Stob.
712 3502 745 3564 p.
778 3480 922 3544 189-92
945 3481 1062 3562 dixit),
1092 3477 1196 3542 altera
1217 3502 1237 3542 a

125 3581 271 3667 Didymo
291 3579 518 3643 Alexandrino
542 3578 649 3644 Cocco
671 3578 819 3667 profecta
838 3588 898 3642 cst.
