2962 5024
1176 434 1234 494 251

128 592 282 679 καθάπερ
308 597 363 658 καὶ
382 588 607 677 Ἀριστοφάνη
630 592 668 657 ἐν
690 591 872 687 Βατράχοις
892 591 1009 676 φάναι.
1049 597 1238 663 Athenaeus

37 750 40 754 .
127 700 266 763 fortasse
293 697 402 761 libros·
424 695 568 782 Didymi·
586 696 776 760 convivales
804 696 1011 782 compilavit,
1038 699 1091 762 vel
1113 695 1239 782 σύμμι-

126 789 205 883 κτα,
236 821 299 886 quo
328 798 435 863 refero
464 799 561 863 etiam
591 797 723 879 ἐξῆπται
751 795 788 860 ἐν
813 807 885 874 ταῖς
908 796 1058 881 ἐκλογαῖς
1079 803 1112 863 in
1136 801 1238 866 schol.

126 904 203 968 Pae.
229 904 320 967 1241.

485 1043 487 1047 ·
557 1068 560 1073 »
656 1039 705 1100 ιο.
1242 1116 1244 1119 ,

213 1152 320 1219 Schol.
343 1153 431 1218 Avv.
458 1157 496 1217 13
530 1146 708 1237 ὁύκτών
730 1148 907 1236 ὀρνέων·
936 1143 1013 1217 ’ἀντὶ
1034 1157 1097 1240 τού
1118 1148 1238 1236 ὀρνεο-

126 1252 257 1321 πώλων.
303 1257 496 1336 Δίδυμος
520 1249 557 1318 δὲ
586 1250 682 1319 δεινά
712 1251 857 1338 φάσκειν
880 1250 1006 1333 αύτούς
1028 1256 1065 1319 ἐκ
1087 1258 1155 1319 τών
1176 1248 1238 1337 ὀρ-

125 1359 213 1422 νέων
239 1355 459 1421 πεπονθέναι.
504 1352 575 1420 ἐπεὶ
595 1350 724 1438 Ὀρνέαι
748 1360 805 1440 τῆς
828 1360 1025 1440 Λακωνικῆς
1052 1358 1125 1420 είσι.
1170 1351 1236 1439 πρὸ

126 1455 163 1523 δὲ
194 1457 279 1523 ἐτοῖν
307 1454 370 1521 δύο
399 1460 510 1533 κακῶς
537 1456 613 1539 περὶ
635 1461 846 1523 Μαντίνειαν
870 1454 1080 1542 ἀπήλλαξαν,
1114 1451 1159 1535 ώς
1183 1457 1238 1522 καί

125 1555 205 1636 τούς
221 1554 429 1641 στρατηγούς
445 1552 640 1643 άποβαλεῑυ,
664 1555 798 1641 Λάχητα
812 1559 867 1624 καὶ
881 1554 1125 1642 Νικόστρατον,
1147 1555 1238 1626 καθά

124 1659 180 1724 καί
203 1656 403 1740 Ἀνδροτίων
424 1663 538 1742 φησίν.
584 1659 803 1723 Pertraetavit
823 1661 905 1725 haec
926 1660 1011 1726 God.
1029 1660 1237 1725 Hermannus

125 1763 158 1830 in
180 1761 364 1847 Philologo.
405 1763 458 1826 De
477 1762 596 1827 Orneis
620 1761 764 1847 disputat
784 1762 824 1826 E.
849 1764 980 1828 Curtius
1000 1763 1178 1852 Peloponn.
1202 1763 1237 1827 ΙΙ

115 1889 157 1952 .p.
181 1865 243 1927 478
259 1887 333 1951 ¹sqq.
357 1873 442 1951 etp.
467 1865 529 1929 582
551 1886 582 1928 n.
607 1866 658 1928 55.
731 1897 734 1901 ·

656 2052 707 2115 20.

210 2168 261 2257 43.
285 2169 448 2232 κανοῦν
470 2162 501 2231 δ’
514 2168 936 2251 ’ἐχοντε·-Δίδυμος
951 2166 1110 2250 δέφησιν
1127 2149 1237 2252 άμυν-

125 2263 223 2349 τήρια
243 2271 311 2364 τών
335 2262 465 2354 ὀρνέων
486 2264 572 2334 αύτά
595 2259 781 2354 βαστάζειν,
803 2263 878 2333 άντέ
900 2262 1009 2332 ὅπλον
1031 2267 1093 2365 μὲν
1115 2265 1152 2333 τὸ
1175 2293 1237 2333 κα-

125 2371 231 2465 νούν,
261 2373 522 2452 περικεφαλαίας
549 2371 585 2435 δέ
614 2368 675 2453 την
704 2367 848 2452 χύτραν,
871 2366 995 2452 ἵναμὴ
1021 2366 1236 2452 άφιπτάμενα

126 2464 166 2532 τά
186 2463 288 2551 ὄρνεα
309 2468 417 2556 τύπτῃ
441 2467 577 2547 αύτούς.
617 2469 675 2548 τάς
695 2471 732 2535 δὲ
754 2471 918 2556 μυρρίνας
940 2469 1024 2550 πρὸς
1047 2467 1083 2533 τὸ
1107 2464 1236 2533 άποσο-

124 2576 208 2656 βεῑν.
253 2571 306 2637 cf.
335 2571 427 2637 Suid.
457 2594 483 2637 ε.
507 2595 539 2636 v.
570 2577 709 2637 κανοῦν.
739 2571 893 2672 Leutsch.
917 2575 951 2635 in
972 2570 1089 2636 Philol.
1112 2570 1178 2635 vol.
1202 2571 1237 2634 II

35 2761 38 2767 .
123 2679 311 2762 p·17⁸qq·
480 2678 482 2683 ‘
810 2672 812 2677 ’

104 2809 107 2815 ’
656 2810 706 2873 21.

210 2928 261 2990 58.
289 2926 459 2993 ἐποποῖ·
485 2925 712 3012 Σύμμαχος
733 2914 1236 3009 καίιλίδνμοςπροπαροξύ-ἶ

67 3064 69 3067 -
125 3045 261 3090 νουσιν·
282 3028 318 3091 οί
336 3025 372 3092 δὲ
395 3033 613 3114 περισπῶσιν,
636 3024 683 3093 ἵν’
707 3020 728 3116 ᾖ
750 3027 925 3113 ἐπίρρημα,
947 3022 1094 3112 άντέτού
1117 3027 1237 3095 ἐποπι-

124 3130 206 3192 στί.
232 3130 263 3192 εί
292 3125 329 3193 δὲ
360 3130 667 3219 προπαροιξύνοιτο,
703 3134 807 3215 δῆλον
836 3125 888 3196 ὅτι
912 3127 1144 3215 ἐσχημάτισται
1166 3124 1234 3197 άπό

126 3225 261 3305 εύθείας
280 3234 337 3314 τῆς
359 3232 493 3310 ἔποπος.

653 3421 704 3484 22.

212 3537 281 3599 149.
304 3574 347 3583 -
369 3574 409 3583 -
431 3537 620 3620 Δίδυμος
648 3538 687 3602 δέ
714 3556 796 3622 φησι
818 3537 1016 3618 Λέπρεον
1035 3529 1234 3616 ὠνομάσθαι
1271 3528 1276 3539 ’

124 3626 222 3714 ἢδιά
242 3629 279 3698 w*
302 3627 364 3715 τὴν
384 3629 498 3717 χώραν
518 3631 600 3701 αύτό
623 3637 752 3701 λέπειν·
776 3641 1011 3726 διαφαίνονται
1034 3631 1098 3716 γάρ
1122 3632 1159 3698 ἐκ
1178 3637 1236 3715 τῆς

124 3727 274 3813 ὀρεινῆς·
299 3731 420 3813 πέτρας
435 3729 500 3815 γάρ
519 3729 603 3799 εἶναι
620 3732 743 3800 αύτόθι
759 3739 911 3811 ποικίλας
925 3733 1073 3817 χρώματι
1090 3737 1145 3799 καὶ
1159 3736 1232 3799 δια-

124 3827 278 3914 λεύκους,
300 3825 416 3914 ὁμοίας
434 3844 503 3910 τοῖς
525 3829 583 3910 τὰς
601 3830 696 3912 ὄψεις
718 3839 889 3919 λεπριώσι,
913 3833 968 3898 καὶ
982 3830 1039 3898 διά
1055 3837 1155 3899 τοῦτο
1171 3830 1234 3898 ού-

124 3956 188 4010 τως
218 3927 415 4015 ώνομάσθαι
444 3931 481 3998 ἐκ
508 3937 571 4000 τού
597 3930 746 4013 πάθους·
788 3928 808 4019 ἢ
837 3933 893 4001 διὰ
923 3931 959 3999 τδ
980 3930 1060 4013 τούς
1081 3930 1236 4016 πρώτους

123 4026 323 4116 οἰκήσαντας
354 4027 416 4117 τὴν
444 4032 546 4101 πόλιν
573 4034 678 4121 ταύτῃ
708 4039 748 4123 τῇ
765 4034 856 4125 νόσῳ
877 4039 1112 4119 κατεσχῆσθαι.
1155 4032 1235 4114 τούς

123 4123 187 4199 ούυ
220 4131 474 4218 πλησιοχώρους
503 4134 703 4219 Λεπρεώτας
740 4138 834 4223 (Ηεε.
867 4131 1069 4228 Λεπρεάται)
1111 4133 1235 4215 αύτούς

123 4241 254 4301 καλεῖν·
281 4232 361 4314 τούς
382 4236 419 4302 δέ
442 4235 486 4322 μὴ
509 4238 740 4324 βουλομένους
759 4240 873 4304 δοκεῖν
894 4234 1060 4332 ἄχθεσθαι
1076 4243 1129 4329 ’τῷ
1151 4234 1233 4304 ὀνό-

123 4360 218 4423 ματι,
247 4339 399 4423 Λέπρεον
419 4336 482 4423 τὴν
504 4337 605 4407 πάλιν
627 4339 778 4406 καλέσαι·
806 4334 992 4430 οὐδετέρως
1013 4336 1078 4429 γάρ
1099 4340 1229 4427 λέγεται
