2948 5024
1184 434 1243 492 115

132 591 178 674 ὡς
188 597 360 680 Δίδυμος·
383 589 480 681 Ψήρα
503 596 557 659 καί
570 591 711 682 Σπάρτη
732 595 787 661 καί
802 593 988 679 Δαρδάνου
1004 591 1089 681 άμφί
1109 597 1242 681 ῥέεθρα.

132 693 224 762 οὕτω
246 693 311 781 γάρ
333 695 388 760 καί
407 695 602 781 Φερεκύδης
624 698 758 787 ίστορεῑ.
783 703 827 764 A.
1256 771 1259 785 1

128 821 130 826 ’
218 803 341 864 Θ«535.
363 803 393 863 6.
417 805 435 863 7
458 792 511 863 ότι
534 791 554 882 6
582 795 725 878 τούτους
744 803 799 866 δεῖ
818 795 897 877 τούς
919 824 940 883 γ
961 803 1095 883 στίχους
1110 801 1242 885 μένειν,

133 893 183 979 οἷς
207 897 244 966 τό
268 895 444 984 ἀντίσιγμα
468 900 665 986 παράκειται
688 905 881 991 (535-37),
913 897 934 987 ἢ
960 897 1040 979 τούς
1062 900 1135 986 ἑξῆς
1156 914 1245 985 τρεῖς

10 1027 15 1034 ·
136 1005 223 1090 (538.
243 1006 294 1067 39.
311 1004 378 1089 41),
399 993 450 1080 οἷς
468 1002 506 1067 αι’
524 1005 657 1088 στιγμαί
680 1002 909 1090 παράκεινται.
932 1007 991 1083 Είς
1012 1001 1076 1090 γάρ
1097 1001 1159 1088 τὴν
1181 999 1246 1068 αύ-

134 1103 195 1189 τὴν
221 1107 446 1190 γεγραμμένοι
475 1105 539 1172 είσί
567 1103 732 1173 διάνοιαν.
778 1108 924 1193 ἐγκρίνει
953 1106 990 1173 66
1010 1110 1139 1192 μάλλον
1157 1101 1246 1190 Ἀρί-

133 1227 273 1290 σταρχος
299 1203 380 1284 τούς
408 1208 590 1293 δευτέρους
621 1206 678 1276 διά
706 1206 744 1276 τό
765 1209 1129 1330 καυχηματικωτέρους
1159 1203 1244 1274 εἶναι

132 1304 210 1387 τούς
232 1307 366 1392 λόγους.
404 1304 480 1376 666
503 1310 694 1394 Ζηνόδοτος
714 1309 795 1390 τούς
817 1311 973 1396 πρώτους
994 1337 1015 1431 γ
1038 1305 1119 1376 0666
1142 1312 1243 1394 έγρα-

132 1434 207 1495 φευ.
257 1408 305 1476 Τά
327 1405 413 1476 αύτά
437 1411 473 1476 66
496 1413 585 1510 λέγει
610 1413 775 1497 περὶτῶν
798 1418 920 1499 στίχων
940 1412 1072 1479 τούτων
1095 1406 1113 1479 6
1134 1415 1245 1478 Δίδυ-

130 1537 192 1599 μος
214 1506 235 1580 ά
230 1507 351 1578 ual‘
335 1539 353 1579 ο
374 1504 609 1596 Ἀριστόνικος.
634 1512 688 1582 διὸ
712 1512 776 1582 ούκ
800 1512 1046 1603 ἐγράψαμεν
1011 1540 1052 1581 τα
1073 1511 1243 1599 Διδύμου.

131 1620 172 1681 A.
217 1616 295 1680 Vid.
317 1616 439 1680 Friedl.
465 1616 613 1682 Ariston.
636 1642 668 1706 p
695 1622 765 1684 152

217 1723 250 1784 Κ
269 1720 309 1782 53
330 1714 543 1785 Αἴαντα·
528 1743 547 1784 ο
568 1719 630 1804 μέν
645 1723 798 1804 Δίδυμος
819 1722 882 1805 την
891 1714 1139 1803 Ἀρισταρχείαν
1160 1739 1245 1800 γρα·

132 1814 203 1904 φὴν
223 1819 313 1904 λέγει
326 1823 636 1900 Αίαυτεδυίκός.
658 1816 676 1886 6
700 1819 737 1888 66
758 1819 909 1907 Τήλεφος
923 1822 1011 1905 λέγει
1028 1823 1139 1912 κακῶς
1153 1821 1245 1903 εἰρη-

112 1913 226 1990 1κέναι
249 1918 310 1988 τόν
328 1926 494 2009 Δίδυμου.
533 1919 575 1991 ού
597 1921 661 2011 γάρ
681 1920 737 1990 ἐπ’
759 1920 974 2009 άμφοτέρους
995 1919 1075 2001 τούς
1097 1928 1245 1998 Αἴαντας

131 2019 149 2087 6
162 2017 338 2102 Μενέλαος
358 2025 528 2109 πέμπεται.
553 2031 595 2092 A.

218 2130 251 2191 K
261 2131 322 2191 397
345 2118 366 2212 6
385 2122 407 2210 6
414 2128 479 2211 δη·
502 2129 559 2194 καὶ
578 2130 744 2214 γραπτέον
766 2124 875 2208 οὕτως
896 2128 950 2195 καί
966 2123 1150 2211 άθετητέου
1164 2122 1244 2203 τούς

131 2237 220 2310 τθδῑς
241 2233 392 2312 στίχους,
424 2237 460 2296 ἐί
489 2256 519 2297 τι
546 2229 609 2316 χρὴ
632 2229 805 2298 πιστεύειν
824 2228 998 2319 Ἀμμωνίῳ
1022 2233 1068 2318 τῷ
1089 2228 1244 2306 διαδεξα-

132 2328 221 2417 μένφ
253 2326 316 2413 τὴν
349 2328 473 2417 σχολὴν
505 2333 543 2398 έν
570 2337 616 2422 τῷ
644 2334 720 2416 περὶ
745 2338 808 2399 τοῦ
835 2334 879 2418 μὴ
905 2333 1080 2421 γεγονέναι
1108 2332 1245 2407 πλείους

132 2429 282 2510 ἐκδόσεις
311 2438 370 2517 τῆς
399 2428 648 2520 Ἀρισταρχείου
686 2434 903 2521 διορθώσεως
932 2438 1033 2500 τοῦτο
1068 2430 1244 2516 φάσκοντι.
1361 2465 1363 2470 ·

133 2533 189 2599 καί
210 2531 300 2618 παρά
319 2531 554 2622 Ἀριστοφάνει
576 2535 613 2602 66
635 2533 834 2623 ἠθετούυτο.
869 2537 906 2602 έν
928 2536 965 2601 66
985 2545 1056 2611 ταῖς
1070 2530 1245 2616 Ἀριστάρ-

133 2656 195 2716 χον
217 2633 401 2718 ἐγέγραπτο
425 2639 465 2701 εί
484 2630 571 2721 666.
599 2640 712 2702 Ταῦτα
734 2631 919 2744 ὁΔίδομος
940 2635 1105 2718 περὶτῶν
1124 2635 1246 2715 στίχων

132 2731 271 2800 τούτων.
290 2738 332 2801 A.

218 2836 398 2905 Herodian
427 2840 469 2903 Il.
498 2862 586 2928 pros.
615 2830 645 2904 A
664 2846 722 2904 441
758 2865 779 2904 α
766 2829 917 2904 δείλ’·
956 2831 1065 2914 οὕτως
1085 2835 1122 2901 66
1144 2826 1246 2924 (sc.¹
1223 2860 1245 2900 α

133 2940 271 3025 δειλέ)
296 2941 350 3005 καί
366 2937 579 3027 Ἀρίσταρχος
601 2943 748 3026 ἔγραφεν
771 2941 807 3006 έκ
830 2938 997 3025 πλήρους
1026 2932 1072 3016 ὡς
1092 2940 1246 3023 Δίδυμος

133 3052 305 3125 μαρτυρεῖ.
350 3043 466 3109 Lehrs.
485 3067 517 3131 p.
542 3045 614 3108 266.
1271 3057 1275 3064 ’

218 3143 343 3212 Herod.
373 3143 412 3207 Il.
434 3167 528 3264 pros.
561 3149 596 3209 N
622 3151 684 3210 450
716 3142 856 3232 Κρήτη
886 3145 1163 3228 ἐπίουρον-’-
1191 3145 1246 3209 καί

130 3239 341 3329 Ἀρίσταρχος
354 3240 451 3310 66⁶
407 3269 515 3325 ουτως
536 3244 754 3333 ἐκδεχόμενος
776 3245 837 3313 τὸν
857 3244 1005 3331 φύλακα,
1025 3246 1188 3331 μέμνηται
1207 3244 1243 3310 66

133 3348 189 3412 καί
216 3341 234 3412 6
257 3351 410 3432 Δίδυμος
431 3353 489 3435 τῆς
506 3343 705 3429 άποδόσεως
730 3351 785 3416 καὶ
815 3345 976 3434 Τρύφων.
1021 3349 1163 3415 Duentz.
1185 3346 1246 3411 Ζε-

134 3450 210 3516 nod.
232 3472 265 3538 p.
290 3454 319 3533 3,
344 3455 393 3516 14.
417 3457 448 3516 4.
554 3522 556 3525 ,

220 3555 311 3618 086
341 3546 553 3639 Ἀρίσταρχος
581 3557 794 3638 σημειοόται,
823 3549 875 3618 ότι
897 3547 1007 3627 οὕτως
1029 3547 1140 3635 μόνως
1163 3570 1247 3633 γρα-

134 3653 236 3718 πτέον
268 3653 485 3720 δέπασσιν.
532 3655 615 3739 φησί
648 3658 735 3737 γοῦν
763 3654 802 3719 έν
825 3667 894 3731 τοῖς
922 3653 1011 3736 ἑξῆς·
1045 3653 1181 3735 Θέμιστι
1208 3646 1245 3713 66

134 3755 351 3846 καλλιπαρήῳ
370 3757 466 3824 δέκτο
490 3757 609 3839 δέπας,
633 3756 671 3820 έν
694 3755 746 3820 ένί
731 3759 795 3832 ίοις
814 3755 866 3819 δὲ
890 3751 1013 3818 κάλεόν
1033 3753 1070 3818 τέ
1085 3773 1143 3835 μιν
1163 3750 1218 3825 είς
1229 3748 1247 3811 6

133 3855 281 3936 ἕκαστος.
316 3856 380 3924 ούκ
404 3850 453 3926 εὖ.
488 3861 577 3924 ίδίαν
597 3853 661 3938 γάρ
680 3858 746 3938 ἔχει
771 3858 954 3937 καθέδραν.
985 3856 1055 3928 πῶς
1076 3840 1141 3916 ούν
1161 3844 1246 3930 πρὸς

134 3956 256 4026 εαυτδν
278 3961 417 4041 ἕκαστος
438 3968 548 4039 καλεῖς
571 3957 625 4024 έπί
646 3955 709 4041 μὲν
730 3961 789 4040 τῆς
796 3952 920 4039 Ἴριδος
937 3949 1071 4037 ἁρμόζει
1088 3955 1147 4035 τῆς
1163 3946 1248 4033 πρὸς

134 4059 214 4139 τούς
246 4058 392 4157 άνέμους
423 4061 693 4148 παραγεγουυίας
726 4062 783 4144 (Ψ
808 4060 896 4142 203).
948 4050 1045 4121 Ἀλλά
1073 4050 1141 4174 μην
1166 4045 1244 4118 οὐδ’

135 4165 306 4231 έπέεσσι
328 4167 511 4251 γραπτέον
533 4163 624 4230 έπιδί
609 4164 705 4227 ίδωσι
728 4157 793 4244 γὰρ
815 4185 843 4244 η
823 4154 956 4244 Θέμις
976 4151 1062 4242 αὐτῇ
1082 4153 1119 4219 τὸ
1143 4150 1247 4238 ποτή-

135 4272 223 4349 ριον.Ι
269 4262 346 4333 666
368 4269 459 4385 Θρᾷξ
484 4262 669 4342 Διονύσιος
690 4264 916 4347 παρακεῖσθαί
932 4275 1015 4344 φησι
1036 4253 1072 4323 τό
1097 4268 1246 4342 σημείου,

135 4361 187 4432 ότι
209 4363 265 4433 διὰ
288 4365 413 4444 παντὸς
434 4365 515 4445 τούς
534 4361 641 4444 θεούς
662 4367 838 4447 συνίστησι
861 4365 1021 4437 πίνοντας
1043 4357 1098 4426 καί
1120 4354 1247 4442 ταύτην

992 4461 1038 4524 8ο
