2964 5010
653 1353 683 1447 l.

387 1540 680 1626 AJAYMOY
715 1540 944 1633 ΛΕΞΕΙΣ.

655 1761 689 1840 l·

503 1896 722 1974 Διεφθορολοι
741 1891 837 1970 λέξις.
918 1878 919 1885 ¹

198 2010 250 2105 lle
272 2050 464 2128 argumento
480 2040 575 2107 huius
591 2045 697 2131 operis
717 2051 792 2131 post
806 2043 1019 2108 Laurentium
1034 2041 1226 2107 Lersohium

114 2146 147 2207 in
170 2143 350 2232 Sprachph.
375 2142 392 2208 Ι
412 2168 445 2232 p.
470 2150 510 2208 75
533 2154 565 2209 et
594 2148 634 2210 A.
658 2144 936 2212 Graesenhanium
964 2146 998 2208 in
1018 2144 1140 2210 Gesch.
1169 2145 1228 2210 der

115 2245 211 2311 class.
233 2244 480 2334 Phi101.p.502
503 2248 560 2335 (cf.
579 2249 639 2313 Th.
658 2249 815 2315 Beccard.
836 2248 877 2312 de
897 2245 1012 2313 scholl.
1029 2246 1127 2312 Hom.
1142 2246 1227 2311 Ven.

115 2372 147 2435 p.
171 2349 225 2435 32)
249 2349 427 2413 novissime
448 2349 533 2414 dixit
555 2343 596 2414 A.
620 2349 789 2416 Nauckius
815 2350 856 2415 de
877 2350 980 2415 Arist.
1000 2338 1082 2436 Bya.
1102 2371 1135 2436 p.
1160 2351 1228 2430 164,

120 2455 134 2513 1
159 2451 249 2515 euius
269 2449 372 2516 verba
397 2454 642 2538 transcripsisse
671 2451 813 2518 iuvabit:
838 2451 1011 2517 ‘Ceterum
1033 2450 1171 2535 Didymi
1193 2448 1229 2511 li-

116 2551 239 2616 bellum
260 2561 375 2617 eontra
394 2552 497 2619 Iubae
519 2575 651 2641 operam
674 2554 833 2620 directum
863 2554 967 2618 fuisse
989 2552 1077 2615 haud
1098 2552 1167 2614 seio
1189 2570 1230 2611 an

117 2652 228 2739 colligi
249 2655 354 2741 possit
380 2678 423 2721 ex
441 2652 544 2721 Suida
567 2678 600 2719 v.
619 2649 724 2740 Ἰόβας
748 2653 833 2719 ast)
878 2653 917 2718 In
940 2676 978 2719 eo
996 2662 1107 2718 tamen
1130 2651 1231 2715 falsus

118 2764 169 2820 est
188 2755 362 2822 'Nauckius
389 2759 578 2845 ceteroquin
609 2757 837 2840 doctissimus,
871 2755 959 2844 quod
987 2753 1103 2843 Iubam
1125 2752 1233 2841 Didy-¹

117 2879 270 2945 mumque
304 2861 338 2923 in
373 2859 425 2923 his
461 2858 683 2925 voluminibus
715 2854 904 2935 οιιοιιιτιιιὰς
930 2854 1048 2935 taarog
1074 2866 1232 2923 tractasse
1322 2856 1325 2863 ’

118 2959 242 3024 statuit.
294 2961 389 3038 Λέξις
412 2959 498 3025 enim
533 2967 772 3045 ταοιφθοουῑα
803 2963 874 3027 sive
907 2962 1114 3047 ἅιεφθορυϊα
1149 2983 1232 3048 quae
1284 2983 1289 2993 ·

119 3062 220 3126 fuerit
253 3060 382 3127 abunde
412 3072 502 3150 patet
535 3069 557 3129 ο·
587 3066 726 3130 solemni
759 3065 1044 3150 grammaticorum
1078 3063 1254 3152 loquendi.

119 3164 215 3251 usu-¹)
249 3163 350 3230 Diod.
380 3164 445 3230 Sic.
474 3163 491 3230 1
517 3189 550 3253 p.
574 3169 635 3231 355
661 3166 818 3243 Wessel.:
853 3171 1061 3252 Κιμμερίους
1092 3163 1235 3242 τούτους

122 3258 207 3330 εἶναι
235 3263 344 3350 βραχὺ
378 3268 440 3330 τοῦ
461 3265 590 3350 χρόνον
611 3264 673 3353 τὴν
700 3270 789 3347 λέξιν
815 3273 1023 3354 φθείραντος
1045 3265 1083 3334 ἐν
1104 3271 1145 3355 τῇ
1167 3269 1235 3332 τῶν
1271 3330 1272 3333 ,

121 3367 342 3451 καλουμένων
367 3371 531 3452 Κίμβρων
558 3361 766 3459 ιιροοηγορίᾳ
796 3372 871 3437 coll.
899 3370 985 3437 Plut.
1008 3371 1092 3437 Mar.
1119 3394 1151 3458 p.
1172 3372 1231 3432 411

122 3468 150 3532 F
174 3466 328 3535 Posidon.
352 3491 404 3558 ap.
429 3469 536 3536 Strab.
560 3470 626 3538 VII
649 3477 711 3537 450
732 3472 769 3539 0.

207 3571 354 3637 Primum
383 3575 567 3663 corrupisse
592 3577 726 3642 nomina
755 3575 913 3641 nonnulla
936 3574 1118 3640 Hesiodum
1145 3572 1237 3636 Posi·

125 3673 223 3740 donio
250 3674 480 3762 Apolloniatae
507 3679 667 3744 asserenti
701 3678 799 3743 fidem
837 3676 937 3740 habet
967 3675 1052 3739 male
1087 3673 1239 3761 credulus

124 3772 264 3841 Ioannes
294 3774 432 3842 Taetses
462 3780 619 3865 exeg.‚in
641 3778 738 3843 Iliad.
762 3781 797 3859 4,
824 3781 861 3839 10
884 3776 935 3841 ed.
956 3775 1071 3840 Herm.
1114 3778 1240 3839 Ποσει-

124 3876 249 3956 δώνιος
276 3870 293 3944 ὁ
318 3872 584 3963 Ἀπολλωνιάτης
612 3872 629 3943 ὁ
655 3882 701 3966 τῷ
720 3871 867 3963 Ἡσιόδῳ
886 3875 1013 3959 μέμψιν
1040 3871 1176 3959 ἐπάγων
1197 3869 1242 3954 ὡς

201 4068 227 4134 1)
256 4069 339 4120 Hunc
356 4071 415 4136 ipse
433 4069 571 4120 illustravi
589 4068 618 4118 in
637 4065 773 4132 Philolog.
791 4065 835 4117 111
853 4081 879 4132 p.
900 4064 1046 4119 342-344
1065 4066 1100 4118 N.
1119 4069 1152 4118 22
1171 4067 1242 4118 Nau·

126 4156 245 4222 skioqne
266 4158 400 4222 persuasi.
437 4157 491 4209 Sed
514 4156 655 4208 subitariis
681 4155 743 4205 istis
766 4153 941 4207 collectaneis
963 4160 991 4206 et
1010 4154 1197 4206 emendatiora
1215 4160 1242 4206 st

127 4243 253 4294 auctiora
275 4249 340 4296 sunt
364 4259 411 4308 sa,
436 4259 507 4311 quas
530 4259 613 4312 supra
637 4243 744 4309 scripsi.
780 4242 912 4295 Consulto
930 4243 1018 4294 delevi
1036 4243 1156 4295 locorum
1184 4260 1243 4310 par,

127 4329 208 4382 Phot.
227 4332 316 4397 praet.
336 4330 390 4383 lex.
409 4346 437 4399 p.
457 4334 473 4384 5
490 4332 536 4399 (=
552 4333 584 4398 a,
601 4333 630 4400 8)
648 4331 733 4384 schol.
754 4330 869 4385 Thasos.
888 4348 915 4399 p.
934 4331 986 4384 sos
1004 4331 1105 4386 Kiossl.

1218 4490 1250 4545 1
