2964 5010
1250 341 1270 402 7

153 517 228 559 rem
250 494 444 558 inducamur
466 496 706 580 providendum
732 508 791 562 est.
835 500 950 588 Neque
970 505 1058 569 enim
1078 503 1269 590 illepanp-

61 649 68 667 ,
161 593 220 678 sris
247 595 302 660 vel
318 591 497 678 »γνώριμος
528 606 596 662 erat
625 594 848 682 chalcenteri,
881 604 939 666 sed
965 605 1150 672 distinctius
1179 612 1271 675 audit

161 695 326 780 θρεπτός,
353 690 565 780 alumnus,
585 701 634 765 uti
656 699 916 787 Epaphroditum
942 707 1084 771 Archiae
1110 703 1269 792 gramma-

160 799 217 861 tici
236 793 386 880 θρεπτόν
408 797 552 884 appellat
565 800 702 876 fluidas.
742 801 835 883 Quae
854 824 933 871 vero
951 795 1106 872 vocabuli
1124 812 1271 893 θρεπτός

161 900 201 965 ad
230 901 279 970 ius
306 900 500 987 pertinentis
531 900 574 964 sit
599 902 798 986 significatio
827 900 959 972 docebit
984 905 1114 974 Plinius
1142 933 1193 999 ep.
1229 916 1271 979 ad

161 1002 291 1066 Traian.
315 1006 350 1064 71
380 1000 533 1089 (Ritterh.
556 1003 622 1086 66),
644 1027 703 1090 per
725 1028 820 1092 quam
843 1006 1000 1072 iudicium
1023 1008 1151 1095 quaerit
1172 1016 1270 1102 impe-

158 1105 276 1169 ratoris
299 1103 416 1190 ‘super
437 1104 495 1186 iis,
518 1106 573 1192 qui
590 1104 688 1171 liberi
710 1110 779 1172 nati
793 1108 926 1173 fuerunt
948 1114 1090 1195 expositi
1112 1115 1231 1180 deinde
1250 1140 1271 1181 a

44 1291 46 1294 Α
158 1198 354 1294 quibusdam
378 1205 498 1270 sublati
516 1208 551 1273 in
569 1208 727 1273 servitute
744 1210 904 1275 educati.'
951 1209 1003 1275 Of.
1027 1210 1093 1278 Iac.
1114 1216 1269 1281 Gothofr'.

156 1308 199 1371 ad
226 1309 275 1372 tit.
305 1306 430 1371 Theod.
466 1306 547 1373 cod.
575 1308 618 1374 ‚de
648 1310 765 1375 infant.
796 1332 909 1397 expos.
937 1312 986 1397 (5,
1017 1315 1050 1395 7)
1073 1315 1114 1380 de
1136 1315 1187 1379 his
1213 1318 1269 1404 qui

157 1408 340 1494 sanguinol.
371 1408 495 1495 emptos
523 1408 577 1474 vel
606 1412 798 1477 nutriendos
831 1434 899 1477 acc.
924 1414 969 1500 (5,
991 1415 1025 1501 8)
1047 1415 1193 1482 Fabrett.
1216 1419 1269 1482 In-

156 1533 219 1574 scr.
237 1533 270 1596 p.
293 1513 485 1577 549—551.
529 1511 691 1576 Valcken.
714 1515 865 1579 Amnon.
887 1515 1050 1580 animadv.
1080 1540 1113 1602 p.
1139 1521 1198 1581 172
1218 1541 1266 1606 sq.

156 1611 183 1676 I.
207 1612 247 1676 B.
274 1612 315 1677 de
337 1611 440 1677 Staud
462 1612 583 1698 (praes.
605 1612 649 1677 F.
669 1613 771 1679 Gottl.
794 1614 941 1698 Struvioi
970 1616 1011 1681 de
1029 1619 1104 1681 iure
1125 1618 1268 1683 alumno-

154 1735 225 1778 rum
253 1712 323 1776 Ien.
354 1716 446 1778 1716.
503 1714 669 1780 Zimmern
697 1715 895 1782 Geschichte
927 1718 985 1782 des
1015 1727 1096 1783 rom.
1125 1719 1294 1787 Privatr.·

156 1825 187 1901 ξ.
214 1823 275 1882 142
305 1816 468 1904 (§.·182).
520 1817 603 1883 Erat
626 1820 727 1904 igitur
755 1820 843 1906 Apio
866 1819 901 1881 in
927 1819 1040 1883 eadem
1066 1817 1267 1906 condicione,

156 1941 221 2008 qua
241 1919 279 1984 O.
299 1917 452 1984 Melissus
467 1918 592 2005 Spoleti
613 1930 718 2003 natus,
740 1923 912 2006 ingenuus,
930 1921 989 1985 sed
1008 1918 1267 1988 ob'discordism

154 2029 325 2108 parentum
340 2020 518 2107 expositus,
542 2020 689 2107 quicura
707 2030 739 2093 et
759 2022 921 2086 industria
943 2022 1128 2088 educatoris
1148 2029 1199 2089 sui
1221 2019 1266 2090 ah

153 2126 239 2189 tiora
266 2122 375 2190 studia
400 2122 547 2208 percepit
574 2144 613 2186 ac
628 2121 810 2189 Maecenati
831 2146 892 2210 pro
906 2126 1119 2209 grammatico
1138 2129 1266 2192 muneri

154 2226 250 2291 datus
273 2235 338 2307 est,
358 2233 442 2288 teste
464 2224 596 2290 Sueten.
613 2225 655 2289 de
674 2225 721 2290 ill.
740 2247 877 2312 gramm.
895 2230 926 2308 ς.
944 2229 995 2289 21.
1041 2225 1176 2307 Quodsi
1190 2228 1265 2292 edu·

154 2336 245 2393 oator
265 2326 405 2419 Apionis
433 2326 574 2412 expositi
600 2326 764 2414 Didymus
796 2336 881 2412 erat,
906 2327 978 2392 fiori
1008 2328 1136 2414 poterat
1155 2337 1191 2391 ut
1213 2329 1267 2393 hic

154 2430 284 2495 iuvenis
310 2426 469 2492 infantem
497 2425 637 2492 tolleret.
687 2428 803 2516 Itaque
831 2430 916 2515 Apio
947 2429 975 2492 si
999 2428 1138 2494 Claudio
1166 2430 1266 2515 impe⁴
1303 2427 1307 2434 ’

154 2533 238 2595 rium
258 2537 390 2594 tenente
415 2528 487 2593 fere
513 2530 751 2614 sexagenarius
770 2540 917 2594 mortuus
936 2540 1002 2612 est,
1030 2530 1184 2593 inclaruit
1202 2530 1266 2592 fon

154 2643 243 2698 tasse
263 2651 386 2698 anuum
410 2651 511 2715 agens
542 2631 691 2716 quintum
720 2639 753 2694 et
779 2632 977 2716 vigesimum
999 2630 1134 2710 Tiberio
1152 2631 1196 2694 ad
1217 2652 1267 2695 re·

153 2756 255 2820 gnum
282 2732 511 2819 perveniente,
526 2742 578 2795 ut
608 2751 637 2793 c.
660 2752 690 2794 a.
713 2753 746 2793 u.
774 2731 836 2792 742
868 2748 888 2794 a
913 2731 1059 2817 Didymo
1083 2731 1266 2805 ,tricenario

153 2835 301 2901 sublatus
322 2835 374 2900 sit.
397 2873 439 2882 —
462 2831 646 2919 Scriptores
667 2831 825 2896 librorum
846 2832 1115 2925 foecundissimos
1136 2840 1265 2898 enume'

154 2947 205 3002 rat
226 2936 362 3009 Riuchl.
386 2935 408 2999 l.
430 2935 452 2999 l.
474 2956 508 3020 p.
531 2937 605 2998 560.
649 2933 679 2997 Ε
700 2932 835 2998 Graecis
853 2933 1078 2999 Alexandrum
1100 2933 1265 3001 Milesium

152 3038 388 3125 polyhistorem
410 3035 529 3101 Suidas
557 3044 655 3121 atque
675 3033 824 3098 Eudocis
852 3057 884 3121 p.
914 3037 955 3098 62
979 3036 1127 3102 referunt
1153 3035 1264 3122 plures

152 3158 287 3204 numero
312 3139 485 3225 scripsisse
512 3137 629 3218 libros,
665 3158 761 3224 quam
794 3137 864 3219 sive
898 3139 1047 3202 veritatis
1075 3137 1265 3224 superlatio·

151 3263 227 3306 nem
263 3241 334 3305 sive
366 3241 525 3306 sermonis
555 3239 817 3326 exsuperantiam
851 3241 1031 3331 convincit,
1071 3239 1176 3326 quod,
1208 3239 1264 3326 qui

152 3351 229 3407 ante
248 3341 309 3407 hos
328 3343 440 3408 decem
462 3363 566 3407 annos
588 3341 630 3405 de
648 3341 831 3406 Alexandri
850 3343 921 3406 vita
942 3342 1137 3428 scriptisque
1157 3340 1264 3404 brevi·

151 3443 258 3510 mulam
281 3445 412 3530 scripsit
431 3443 743 3525 commentationem,
765 3442 924 3530 Iosephus
947 3443 1072 3508 Rauch.
1097 3440 1263 3528 (Heidelb.

155 3548 247 3611 1843.
271 3547 318 3631 8⁰)
342 3546 515 3633 plusquam
539 3544 659 3611 XXVI
687 3544 845 3612 librorum
867 3546 1098 3631 inscriptiones
1118 3543 1264 3628 reperire
1346 3548 1349 3554 “

152 3668 218 3713 non
237 3649 353 3736 potuit.
398 3647 602 3733 Quingentos
631 3671 710 3713 vero
739 3657 772 3713 et
796 3649 861 3712 tria
882 3647 973 3713 milia
983 3647 1007 3733 ¹)
1028 3646 1187 3710 librorum
1208 3665 1264 3717 noa⁴

152 3759 219 3815 ster
239 3751 435 3836 composuit,
463 3748 561 3813 fidem
583 3749 725 3815 faciente
745 3747 917 3839 Athenaeo
944 3746 994 3810 IV
1015 3770 1047 3832 p.
1075 3743 1190 3825 13903
1213 3765 1264 3807 su·

150 3872 211 3938 prs
229 3872 328 3939 quam
349 3836 540 3918 Athenaeus
567 3850 710 3916 affirmat
730 3857 901 3914 numerum
924 3846 988 3910 fert
1015 3845 1133 3910 Siridas
1156 3844 1264 3908 Atto:

150 3975 220 4036 μσς.
244 3957 483 4038 Xerxemque.
508 3950 656 4016 Eudocis
677 3950 712 4015 ll.
736 3971 784 4014 ec.
829 3950 992 4031 Quattuor
1013 3948 1152 4036 denique
1175 3945 1265 4010 milia

222 4094 246 4160 Ι)
262 4096 305 4146 Ex
323 4095 355 4145 A.
375 4095 432 4145 Mai
449 4093 539 4146 Glsss.
566 4098 640 4145 auct.
664 4095 697 4147 T.
712 4094 742 4144 V
765 4108 792 4159 p.
813 4093 864 4145 128
888 4092 1050 4158 &tegorium
1068 4095 1202 4159 (piendam
1221 4112 1264 4146 co-

149 4181 309 4247 gnevimus,
338 4181 451 4233 Graecis
471 4179 570 4239 studiis
587 4179 669 4233 vuldo
686 4180 821 4244 deditum,
848 4183 896 4248 qui
910 4180 980 4234 30011
996 4181 1081 4232 libres
1097 4182 1131 4233 de'
1152 4183 1264 4234 Graecis

148 4267 272 4319 historiis
289 4266 384 4319 edidit.
1138 4287 1140 4297 ·
