2948 5024
237 418 296 483 122
687 416 886 480 -Β-

234 587 351 651 lemnie
373 594 521 651 notarum
541 584 723 649 'Aristonici
750 584 860 649 index.
907 585 1022 671 Itaque
1045 591 1101 646 aut
1128 580 1253 646 excidit
1273 580 1347 646 Ari·

234 690 351 753 stonici
372 688 630 770 animadversio,
659 696 715 752 aut
743 679 794 751 ότι
817 686 933 751 cedere
955 685 1026 752 Ιοοο
1048 684 1147 751 debet
1167 683 1348 771 particulae

234 783 352 865 οὕτως.
397 788 449 859 cf.
470 789 716 856 Friedlaender.
733 789 911 854 Aristonic.
934 812 967 876 p.
987 792 1027 852 67
1052 787 1136 851 ‘nisi
1157 772 1265 874 potitis
1287 784 1349 850 Di-

235 889 326 975 dymi
347 899 426 955 est)
481 918 485 926 ·

320 993 393 1057 355.
426 988 639 1078 Ἀρίσταρχος
658 993 715 1060 καί
736 989 775 1059 τά
798 987 1022 1077 ὑπομνήματα
1040 986 1097 1056 3ιά
1118 991 1180 1054 τοῦ
1202 1010 1218 1054 ε
1248 992 1351 1073 πρίν

236 1089 329 1157 τινά
350 1115 436 1179 περ.
481 1095 523 1160 A.
549 1091 605 1184 (οὐ
629 1097 737 1174 καλῶς
767 1096 842 1160 add.
866 1095 951 1181 BL.)

322 1198 396 1262 377.
440 1193 584 1263 dedecori
612 1200 693 1282 ηοιί
725 1193 944 1280 Ἀριστάρχου
977 1186 1248 1280 μαχησόμεθ’.
1294 1190 1350 1256 παὶ
1438 1241 1442 1253 .

236 1298 328 1362 ἐστιν
356 1292 476 1383 ὅμοιον
497 1303 544 1388 τῷ
574 1298 797 1386 ’μαχήσονται
821 1297 898 1383 περὶ
917 1306 1005 1364 σείο’
1030 1300 1078 1384 (Γ
1098 1296 1183 1382 137).
1206 1294 1249 1359 A.
1294 1294 1349 1360 cf.

238 1406 271 1463 A
293 1402 354 1466 298
377 1404 450 1467 304.

322 1506 395 1569 397.
439 1505 516 1570 vide
538 1529 637 1596 supra
658 1531 691 1597 p.
717 1510 787 1570 113.

321 1608 395 1668 415.
441 1612 610 1691 πρῆσαι·
642 1610 679 1676 ἐν
705 1620 776 1686 ταῖς
794 1608 950 1682 πλείστας
970 1600 1027 1669 dui
1049 1605 1111 1667 τοῦ
1132 1607 1151 1667 λ
1181 1605 1350 1685 πλῆσαι·

237 1709 292 1773 καὶ
319 1708 356 1772 αί
378 1702 603 1795 Ἀριστάρχου.
648 1709 788 1779 θόναιτο
814 1704 847 1776 θ’
876 1700 919 1772 ἀν
941 1704 996 1771 καί
1025 1701 1082 1772 dui
1110 1709 1173 1770 τοῦ
1194 1707 1351 1787 πρῆσαι

237 1805 364 1876 ταάτὸν
385 1812 591 1899 δηλοῦσθαι,
621 1808 666 1894 ὦς
688 1814 758 1880 έκελ
775 1812 837 1877 ’ἐν
859 1804 891 1877 d'
914 1804 1070 1894 ἀνεμος
1099 1809 1257 1890 πρῆσεν
1278 1806 1350 1891 με’-

237 1930 313 1977 σον
335 1913 490 1978 ίστίον’
514 1916 560 2001 (A
583 1917 660 1997 481)
683 1917 725 1981 A.

322 2017 395 2078 420.
441 2018 541 2081 τοῦτο
566 2016 622 2082 καί
650 2019 736 2095 λέξις
757 2009 934 2080 ὑπόκειται
957 2006 1013 2077 dui
1034 2015 1097 2076 τοῦ
1128 2034 1150 2075 α
1171 2014 1241 2076 τοῖν
1260 2004 1351 2076 ὑπο-

237 2112 432 2200 μνημάτων.
476 2116 532 2182 καί
554 2119 646 2183 ἐστιν
666 2115 919 2203 ἐμφατιιιοιτέρα
945 2114 1002 2202 (cf.
1023 2120 1055 2179 A
1080 2116 1150 2179 108.
1173 2114 1263 2198 553).
1307 2107 1352 2177 od

237 2230 351 2302 χεῖρον
372 2212 406 2284 d’
428 2210 473 2284 ἀν
494 2224 545 2302 είη
563 2214 626 2303 τὴν
653 2213 796 2303 ἐκλογὴν
817 2217 978 2284 ἐνθεῖναι.
1023 2209 1115 2282 ἀλλ’
1136 2209 1157 2279 ό
1164 2239 1207 2299 γε
1230 2212 1351 2279 δέκτο

238 2319 313 2404 μὲν
337 2318 424 2406 ίρά,
454 2317 589 2387 πόνον
615 2316 648 2388 d’
686 2317 888 2388 ἀλίαστον
917 2314 1120 2403 ὄφελλεν,
1156 2308 1231 2382 οίον
1257 2323 1352 2382 αλσια

240 2419 433 2508 ἐσήμαινεν,
456 2420 542 2489 ὥστε
565 2424 675 2508 λέγειν
698 2419 778 2500 τούς
798 2419 944 2506 μάντεις,
967 2415 1018 2485 ὅτι
1042 2418 1212 2503 δέδεκται,
1235 2422 1351 2483 τοιοῦ-

238 2548 297 2590 τον
315 2525 430 2608 μέντοι
452 2522 561 2591 πόνον
586 2521 688 2602 αὐτός
709 2514 829 2609 ηὖξεν,
853 2517 895 2589 όν
917 2519 982 2588 οὐκ
998 2515 1041 2588 ἀν
1062 2522 1257 2588 έκιιλίνειεν.
1292 2543 1351 2603 γε-

238 2633 332 2692 λοίου
362 2622 427 2710 γάρ
450 2619 492 2692 ἀν
515 2618 573 2713 ἦν,
607 2631 639 2693 εί
662 2622 707 2713 με)
728 2627 833 2692 ἐποίει
856 2629 969 2691 τοῦτο.
1013 2625 1054 2689 Α.
1100 2625 1186 2689 Vide
1208 2645 1285 2689 num
1306 2623 1351 2688 le-

236 2725 380 2813 gendum
402 2731 446 2795 eit
466 2732 566 2796 τοῦτο
595 2728 649 2795 καί
675 2727 775 2813 λόγος
803 2723 990 2812 ὑπόκειται,
1020 2727 1064 2791 cf.
1094 2731 1118 2791 B
1150 2727 1212 2791 397
1242 2727 1274 2790 Γ
1298 2728 1349 2787 57.

237 2829 302 2894 Ρεο
330 2833 430 2896 τοῦτο
460 2832 674 2898 rescriberem
696 2829 822 2921 τοότφ,
857 2832 923 2896 nisi
949 2830 1032 2896 illud
1057 2831 1154 2893 etiam
1183 2827 1350 2892 1113397

237 2940 393 2997 exstaret.
503 3006 506 3009 Α

325 3035 398 3099 437.
442 3031 671 3101 ἐπάσαντο·
699 3033 911 3122 Ἀρίσταρχος
930 3029 1042 3111 Ἰακείς
1069 3029 1265 3098 πάσαντο.
1309 3031 1350 3097 A.

325 3138 398 3200 435.
443 3135 573 3217 Quaere
591 3160 624 3224 p.
649 3143 719 3206 113.

323 3235 368 3300 ib.
386 3237 643 3320 ἐγγυαλίξει·
657 3237 713 3305 όιά
726 3236 863 3320 τοῦζτό
878 3238 1120 3324 ἐγγυαλίζει
1133 3229 1352 3315 αίἈριστάρ-

239 3360 335 3420 χειοι.
359 3339 414 3404 καί
431 3333 655 3424 Ἀπολλώνιος
673 3340 710 3409 δὲ
732 3338 750 3410 ὁ
770 3337 896 3421 Ῥόδιος
917 3337 1040 3426 ὁμοίως
1062 3340 1278 3424 προφέρεται,
1298 3334 1353 3417 καὶ

239 3432 556 3526 ἡἈριστοφάνους.
601 3445 642 3509 Α.

325 3549 396 3608 447.
442 3541 498 3610 διὰ
525 3549 587 3611 τοῦ
610 3571 658 3611 mv
681 3542 849 3633 ἀγήρων
871 3542 891 3633 ἡ
916 3542 1175 3632 Ἀριστάρχειος·
1205 3537 1259 3605 καὶ
1282 3541 1354 3605 ἔστι

237 3645 471 3730 παραπλήσιον
494 3640 530 3712 τό
554 3653 661 3733 σχῆμα
682 3653 729 3738 τῷ
751 3645 866 3735 (ὑμεῖς
888 3644 921 3715 θ’
947 3643 1045 3714 ἐστόν
1066 3643 1182 3732 ἀγήρω
1204 3636 1241 3708 c’·
1260 3637 1350 3707 ἀθα-

240 3744 330 3811 νάτω
352 3756 407 3812 ιε’
438 3750 483 3836 (Ρ
501 3752 588 3835 444).
634 3746 742 3832 οὕτως
764 3752 819 3818 καὶ
841 3748 861 3837 ἡ
880 3746 1163 3836 Ἀριστοφάνειος.
1207 3749 1249 3814 A.

303 3851 399 3914 ·462.
445 3848 553 3931 οὕτως
578 3853 678 3939 χωρίς
698 3857 795 3920 τοῦι
831 3848 1096 3940 ἀγαλλόμενα
1129 3849 1351 3936 Ἀρίσταρχος,

239 3943 287 4013 ἵν’
321 3939 343 4037 η)
370 3947 411 4016 τά
441 3954 526 4040 ἔθνη
557 3948 779 4041 ἀγαλλόμενα.
825 3957 910 4021 ἐνιοι
942 3956 979 4023 dd
1011 3955 1231 4039 προστιθέασι
1265 3949 1302 4019 τό
1329 3979 1353 4036 ι,

240 4048 326 4136 πρός
354 4048 391 4119 τό
423 4048 577 4138 ὀρνίθων
603 4051 788 4141 ἀνάγοντες
813 4054 848 4124 τό
878 4051 1115 4143 ἀγαλλόμεναι.
1166 4055 1221 4123 καί
1249 4052 1354 4140 λόγου

245 4149 336 4232 τινός
352 4154 493 4238 ἔχονται.
537 4163 579 4223 Α.

322 4259 395 4321 494.
439 4260 481 4323 οἲ
496 4254 535 4325 θ’
554 4254 708 4344 Ὑρίην·
731 4253 773 4325 οά
798 4261 988 4346 παρέλαβον
1009 4259 1202 4345 σύνδεσμον
1223 4255 1284 4325 τόν
1304 4258 1350 4342 τί,

238 4349 313 4421 ἀλλ’
336 4352 443 4436 ὅντως
458 4361 650 4446 παρέλαβον
669 4364 832 4443 Θνρίαν
849 4356 912 4445 τὴν
934 4358 1045 4444 πόλιν,
1063 4355 1128 4427 οὐκ
1149 4352 1256 4427 εὖόέ.
1283 4354 1350 4428 ἀπό
