2948 5024
204 371 264 432 136
662 373 852 433 -1-

288 541 359 603 112.
396 540 672 621 πεπίθοιμεν·
704 525 916 621 Ἀρίσταρχος
947 539 1208 620 πεπίθωμεν·
1245 537 1314 602 ἐστι

204 633 268 723 γάρ
291 641 455 723 πίθωμεν.
477 640 519 705 A.
719 693 725 704 .

289 743 360 806 128.
390 735 583 824 άμάμονα
604 741 823 808 Aristonicus.
853 736 1065 824 Ἀρίσταρχος
1085 738 1123 806 δέ
1149 738 1231 825 μετὰ
1253 744 1316 805 τοῦ

203 837 472 927 σάμάμονας.
511 842 553 907 Α.
575 842 627 907 cf.
650 843 775 909 hoedo
797 844 868 909 loeo
891 862 971 908 sono
992 863 1089 929 quam
1113 841 1318 908 memorabili

203 945 379 1010 Lehrsium
400 945 488 1031 apud
507 944 547 1010 L.
567 944 804 1011 Friedlaendor
824 945 970 1010 Ariston.
993 967 1025 1030 p.
1051 948 1121 1010 156.

289 1039 517 1130 [ἀμύμονα
544 1040 651 1124 οὕτως
675 1041 896 1130 Ἀρίσταρχος.
939 1042 1129 1128 Ζηνόδοτος
1150 1040 1188 1109 δὲ
1209 1038 1318 1128 άμύ-

203 1170 344 1231 μονας.
366 1147 419 1224 V.]

291 1241 597 1333 132Ἀρίσταρχος·
617 1245 1262 1334 κούρηΒρισῆος,έπίδέμέγαν.
1276 1250 1317 1311 A.
1350 1264 1351 1269 ’

293 1354 364 1414 155.
385 1343 596 1433 Ἀρίσταρχος
616 1347 880 1434 τιμήσονται.
899 1352 941 1416 A.
983 1370 987 1377 ’

293 1453 363 1515 158.
398 1447 616 1535 δμηθήτω·
656 1448 747 1538 παρά
780 1451 960 1541 Ζηνοδότφ
994 1449 1049 1516 καὶ
1082 1444 1317 1536 Ἀριστοφάνει

205 1551 454 1637 καμφθήτω.
483 1553 525 1617 Α.

293 1674 365 1735 167.
386 1663 597 1755 Ἀρίσταρχος
619 1669 714 1758 έγοέ,
736 1667 832 1739 ἄλλοι
853 1670 890 1737 δὲ
908 1668 1031 1756 έγοάυ.
1053 1671 1095 1735 Α.

292 1776 363 1849 197.
392 1775 626 1856 Παρμενίσκος
653 1773 691 1839 δέ
718 1774 923 1858 προφέρεται
948 1770 1146 1839 ἱκάνετον
1171 1764 1320 1855 ἡμέτε-

206 1871 312 1956 ρονδ
320 1897 346 1938 ε
361 1875 411 1939 A.
435 1874 528 1940 Post
539 1874 579 1940 δέ
597 1876 792 1942 exciderunt
813 1875 953 1942 fortasse
967 1874 1071 1940 verba
1090 1864 1134 1950 ὦς
1147 1868 1320 1956 Ἀριστάρ-

206 1998 297 2060 χειον
316 1972 462 2059 γραφήν.
507 1974 560 2041 Of.
586 1981 616 2042 Θ
639 1977 758 2061 513(Ι
780 1978 866 2064 140).
953 2044 955 2046 ,

293 2095 364 2158 203.
388 2093 552 2178 κέραιε·
579 2094 653 2176 δίχα
675 2097 738 2159 τοῦ
756 2118 776 2176 ρ
796 2088 1046 2178 Ἀριστοφάνης.
1070 2093 1111 2158 Α
1136 2090 1236 2175 χωρίς
1258 2112 1319 2156 του

207 2208 228 2277 ρ
250 2195 413 2280 μέμνηται
432 2194 487 2258 καὶ
502 2189 717 2282 Ηρφδιανός.
740 2197 780 2261 L.

293 2315 364 2377 212.
398 2314 436 2379 ἒν
464 2330 531 2379 τισι
558 2311 723 2398 γράφεται
747 2307 877 2398 αὐτάρ
903 2299 991 2379 ἐπει
1021 2305 1155 2394 πυρὰς
1189 2305 1322 2386 ἄνθος

207 2410 435 2500 ἀπέπτατο,
465 2409 656 2480 παάσατο
685 2415 729 2481 δέ
751 2415 866 2501 φλόξ.
907 2421 1048 2499 ,γελοῖον
1068 2410 1105 2479 δέ
1128 2409 1236 2494 ττυρδς
1258 2406 1322 2475 άν-

206 2524 288 2603 θος,
308 2512 354 2595 ὦς
371 2512 484 2601 ῥόδων
505 2511 630 2601 ἄνθος,
663 2521 726 2582 τοῦ
748 2522 892 2602 ποιητοῦ
913 2517 950 2581 τὸ
969 2521 1038 2599 πῦρ
1061 2513 1322 2599 δεινοποιησαν-

207 2642 273 2697 τος.
296 2619 337 2684 A.
357 2612 482 2698 ἄλλως·
506 2620 591 2684 ένιοι
612 2617 806 2709 γράφουσιν
828 2612 962 2699 αὐτὰρ
986 2617 1073 2683 έπεί
1094 2612 1227 2699 πυρὸς
1249 2610 1323 2680 άν-

207 2729 280 2798 θος
306 2715 531 2804 ἀπέπτατο,
558 2716 763 2805 παύσατο,
794 2716 837 2787 δέ
866 2717 981 2804 φλόξ.
1006 2713 1024 2784 ὁ
1049 2718 1090 2785 δέ
1110 2713 1323 2802 Ἀρίσταρχος

208 2820 334 2906 ταύτην
353 2820 564 2905 προέκρινεν.
586 2823 670 2886 ἔνιοι
687 2820 722 2887 δὲ
739 2819 932 2905 γράφουσιν
953 2814 1085 2902 αὐτὰρ
1108 2819 1198 2887 ἐπεὶ
1219 2816 1323 2885 κατά

208 2928 289 3009 πῦρ
309 2918 565 3007 έμαρήυατο,
586 2920 771 2988 παύσατο
795 2922 840 2989 δὲ
862 2921 974 3007 φλόξ.
997 2923 1067 2987 LV.
1090 2922 1134 2988 ο1.
1158 2926 1229 2987 401.

293 3045 365 3105 214.
404 3042 617 3123 ἐπαείρας
648 3036 859 3131 Ἀρίσταρχος
893 3037 1114 3126 άπαείρας,
1153 3036 1219 3106 άπό
1254 3063 1323 3105 των

209 3142 425 3226 κρατευτάων
450 3135 543 3226 ἄρας.
572 3142 647 3206 AD.
677 3143 803 3209 Dubito
831 3167 907 3209 num
929 3144 1068 3231 μο1ἱωε
1059 3166 1095 3207 in
1117 3142 1224 3222 λέξεσι
1247 3142 1323 3207 Ari·

209 3242 330 3309 starchi
354 3245 512 3332 seriptum
533 3241 642 3308 fuerit.
751 3290 754 3295 -

294 3364 367 3426 222.
400 3357 576 3445 έδήτάος
608 3362 647 3440 έξ
680 3364 778 3445 ἔρον
806 3361 918 3428 έντο
948 3365 1128 3447 φαίνονται
1159 3361 1215 3427 καί
1240 3358 1322 3444 παρ’

205 3457 437 3549 Ἀγαμέμνονι,
460 3460 542 3546 πρὶν
563 3461 673 3530 ἐπὶ
638 3488 700 3549 την
721 3469 903 3551 πρεσβείαν
924 3468 1120 3530 στείλασθαι
1139 3465 1323 3529 δειπνοάυ-
1411 3493 1422 3508 =

209 3587 276 3642 τες·
300 3563 383 3649 φησὶ
398 3569 486 3649 γοῦν
502 3560 621 3651 αὐτάρ
637 3562 909 3634 έπεὶσπείσάντ’
933 3560 1090 3634 ἔπιάνθ’
1114 3560 1198 3631 οσον
1217 3559 1321 3650 ηθελε

207 3665 331 3752 θυμός,
354 3661 510 3754 ὡρμῶντ’
535 3668 572 3734 έκ
595 3670 746 3752 κλισίης’.
774 3670 866 3757 (177)
896 3665 1037 3753 ἄμεινον
1063 3657 1127 3732 οὖν
1151 3661 1239 3750 εἶχεν
1266 3662 1323 3748 άν,

207 3769 313 3852 φησίν
340 3763 606 3855 ὁἈρίσταρχος,
645 3771 676 3835 εί
693 3767 875 3854 ἐγέγραπτο
906 3764 979 3849 *ἂρ
1010 3765 1245 3851 έπάσαντσ,
1277 3762 1330 3847 ἵν’,

209 3864 294 3936 ὅσον
319 3875 534 3955 χαρίσασθαι’
552 3875 601 3959 τῷ
618 3864 764 3955 Ἀχιλλεῖ
784 3868 974 3956 γεύσασθαι
995 3869 1103 3956 μόνον
1123 3868 1178 3935 καὶ
1205 3864 1250 3954 μὴ
1274 3871 1321 3946 είς

209 3969 314 4056 κόρον
343 3972 472 4040 έσθίειν
499 3970 554 4039 καί
574 3973 685 4038 πίνειν
705 3972 878 4058 λέγωνται,
902 3968 977 4040 ἀλλ’
1003 3968 1095 4057 ὅμως
1117 3966 1185 4037 ὑπὸ
1206 3993 1324 4054 περιτ-
1369 4040 1373 4049 ,

208 4077 265 4158 τῆς
286 4069 461 4161 εὐλαβείας
481 4069 583 4140 οὐδὲν
603 4073 808 4159 μετέθηκεν,
841 4074 879 4139 έν
907 4080 1045 4152 πολλαῖς
1073 4068 1183 4151 οὕτως
1211 4067 1325 4154 εὑρών

211 4174 403 4259 φερομένην
424 4172 487 4259 τὴν
507 4171 652 4259 γραφήν.
674 4177 716 4240 A.

291 4295 363 4359 225.
386 4288 464 4360 οὐκ
486 4292 721 4373 ἐπιδεάεις·
742 4288 956 4377 Ἀρίσταρχος
978 4289 1015 4361 δὲ
1032 4293 1135 4378 χωρὶς
1149 4296 1213 4359 τοῦ
1227 4306 1257 4358 σ.
1281 4291 1322 4356 Α.
