2948 5024
209 368 279 459 '118
674 428 717 439 -
762 396 793 454 A
834 427 878 440 -

304 563 377 626 273.
398 556 559 637 ξύνιεν·
579 551 1334 642 οὕτωςὴἈριστάρχειοςδιάτοῠε,ξύυιευ,

218 658 265 742 ώς
287 655 417 743 (αὐτὰρ
439 659 511 725 ἐπεὶ
533 655 738 744 κόσμηθεν.
765 660 807 725 A.
829 660 883 747 (Il.
906 663 937 726 Γ
959 660 1001 746 1).

303 766 377 828 298.
410 758 669 847 μαχήσομαι·
706 755 815 836 οὕτως
843 755 900 825 διά
927 749 989 826 τοῦ
1011 785 1031 844 η
1052 755 1260 843 μαχήσομαι,
1292 754 1334 825 οά

218 863 274 935 διά
295 869 358 932 τοῦ
379 882 417 930 εσ
435 866 649 948 μαχέσσομαι,
673 863 728 929 καὶ
751 857 1053 947 ἡΜασσαλιωτικη
1075 861 1130 926 καὶ
1150 854 1335 948 ἡἈργολι-

217 968 259 1057 κὴ
279 971 334 1035 καὶ
349 962 369 1052 ἡ
382 962 559 1049 Σινωπικὴ
579 967 633 1030 καὶ
652 958 882 1049 ἡἈντιμάχου
894 962 948 1030 καὶ
960 957 980 1047 ἡ
990 958 1266 1045 Ἀριστοφάνους.
1289 962 1332 1027 A.

303 1075 376 1138 304.
420 1067 741 1154 μαχεσσαμένω·
776 1064 832 1131 καὶ
858 1069 958 1131 τοῦτο
984 1059 1106 1150 ὁμοίως
1128 1068 1174 1152 τῷ
1196 1087 1336 1160 προκει-

216 1175 307 1262 μίνφ
331 1168 387 1237 διὰ
415 1174 477 1235 τοῦ
505 1194 526 1254 η
550 1163 640 1246 ἀξιοῖ
656 1165 884 1253 Ἀρίσταρχος,
913 1161 960 1232 ἵν’
982 1155 1003 1253 ἦ
1028 1166 1259 1255 μαχησαμένφ.
1290 1168 1333 1232 A.

221 1277 275 1343 Os.
298 1280 326 1341 Β
348 1278 421 1339 377.

303 1380 376 1442 309.
411 1375 463 1440 Cf.
490 1377 560 1437 142.
587 1411 622 1420 -
648 1374 720 1437 323.
756 1366 875 1449 Οὕτως
901 1367 1045 1454 χειρὸς
1070 1365 1227 1456 ἀγέμεν
1247 1366 1332 1456 Ἀρί-

220 1495 361 1563 σταρχος
383 1477 572 1563 (Pluygers.
595 1497 629 1561 p.
654 1476 701 1557 7),
723 1474 780 1539 ἵνα
801 1467 839 1537 τό
862 1467 985 1538 δυικόν
1006 1466 1152 1557 εὔδηλον
1175 1462 1206 1559 ᾖ.
1230 1466 1335 1556 ἀμφί-

218 1585 324 1666 βολον
351 1574 414 1662 γάρ
437 1580 546 1660 ἔσται,
575 1571 635 1639 ίάν
662 1570 746 1640 κατὰ
767 1569 982 1658 συναλοιφὴν
1015 1569 1333 1660 ἀναγιγνώσκομεν.

217 1682 271 1765 Α.
285 1681 338 1747 Of.
359 1680 471 1746 Wold.
492 1677 654 1744 Ribbeck.
680 1686 820 1765 quaestt.
843 1677 967 1743 Zenod.
989 1701 1022 1765 p.
1044 1684 1074 1742 7.

304 1786 376 1849 332.
410 1775 515 1845 οὐδέ
533 1805 586 1845 τι·
617 1773 673 1845 διά
695 1783 757 1844 τοῦ
780 1805 792 1844 ι
814 1773 899 1845 οὐδέ
915 1803 964 1864 τι,
987 1778 1042 1844 καὶ
1064 1775 1083 1864 ἡ
1103 1767 1265 1861 Κύπριος.
1290 1780 1332 1846 A.

307 1888 380 1956 336.
403 1877 425 1949 δ
446 1885 570 1967 σφώϊ·
592 1873 648 1947 διά
670 1882 732 1947 τοῦ
755 1875 829 1958 ἑνδς
851 1900 871 1946 σ
892 1874 913 1945 δ
932 1884 1025 1965 σφώι·
1044 1877 1167 1967 ὁμοίως
1189 1886 1235 1970 τῷ
1259 1882 1334 1947 (καὶ

220 1980 370 2074 θώρηχ’,
391 1978 411 2048 6
431 1978 495 2068 γάρ
518 1973 561 2067 ἦν
585 1983 635 2047 οἷ’
660 1982 713 2069 (Il.
738 1986 772 2046 Σ
792 1984 867 2068 469)
891 1982 963 2048 AL.

305 2091 376 2153 340.
421 2080 617 2170 ἀπηνέος·
653 2084 823 2162 Σέλευκος
855 2083 892 2150 έν
925 2089 965 2172 τῇ
995 2088 1185 2174 πολυστίχςο
1210 2083 1334 2172 γράφει

219 2188 400 2278 (φέρεσθαι
428 2188 504 2253 add.
532 2187 586 2252 W.
611 2186 773 2252 Ribbeck.
804 2197 943 2275 quaestt.
969 2187 1094 2254 Zenod.
1121 2212 1153 2276 p.
1176 2193 1236 2272 ¹16,
1270 2213 1334 2278 quo

217 2313 283 2357 non
305 2312 403 2377 opus3
427 2290 494 2355 vid.
517 2312 568 2355 me
589 2292 622 2354 in
643 2288 762 2354 Philol.
786 2290 839 2353 III
860 2314 892 2378 p.
918 2294 990 2355 453.
1015 2292 1090 2372 454)
1120 2286 1333 2370 ἀναιδέος·

218 2387 427 2475 εὐεπίφορον
454 2386 519 2476 γάρ
550 2386 635 2456 εἶναι
665 2385 726 2456 τὸν
751 2387 897 2475 Ἀχιλλέα
926 2394 973 2469 είς
1002 2389 1038 2457 τό
1065 2385 1188 2477 ἀναιδῆ
1218 2399 1333 2459 καλεῖν

218 2491 279 2560 τὸν
297 2488 525 2578 Ἀγαμέμνονα
552 2493 643 2559 ἀίέν
659 2487 834 2559 ἀναίδειαν
860 2493 1038 2580 ἐπιειμένε,
1060 2491 1332 2579 κερδαλεόφρον’

218 2598 321 2684 (149).
350 2588 486 2680 ἀπηνῆ
508 2592 546 2661 δέ
569 2602 667 2661 καλεῖ
685 2592 747 2660 τὸν
763 2590 992 2681 Ἀγαμέμνονα
1016 2597 1073 2663 διὰ
1094 2594 1134 2662 τά
1154 2600 1201 2675 είς
1223 2592 1330 2662 αὐτὸν

216 2697 445 2782 πεπραγμένα.
468 2699 510 2763 Α.
1101 2721 1102 2725 ’

302 2803 375 2865 350.
402 2794 510 2877 οὕτως
521 2795 743 2885 ἀπείρονα,
756 2794 821 2865 οὐκ
834 2807 924 2866 οῐνο
934 2822 997 2884 πα,
1009 2795 1031 2886 ἡ
1041 2794 1270 2886 Ἀριστάρχου.
1291 2804 1331 2867 A.

302 2904 375 2967 381.
399 2899 487 2965 ἐπεὶ
507 2898 675 2984 μάλαοί
694 2907 816 2987 φίλος
835 2893 922 2987 ἦεν·
947 2901 1116 2981 Σέλευκός
1132 2923 1238 2988 φησιν
1255 2905 1332 2992 (φέ-

217 3008 342 3080 ρεσθαι
369 3001 445 3066 add.
468 3001 646 3087 Ribbeck.)
676 3002 713 3068 ἐν
739 3008 779 3092 τῇ
802 3011 939 3093 Κυπρίμ
968 3007 1023 3071 καί
1045 3010 1211 3095 Κρητικῇ·
1247 3007 1336 3073 ἐπεί

215 3099 265 3187 δώ
291 3099 341 3167 νύ
370 3103 411 3167 οί
430 3108 553 3185 φίλος
573 3093 658 3189 ἦεν.
680 3105 735 3170 καὶ
757 3107 925 3193 Θεαγένης
947 3105 980 3174 δ’
1004 3104 1095 3176 οὕτω
1117 3108 1330 3195 προφέρεται.

216 3197 388 3270 ἀπίθανον
408 3201 472 3287 γάρ
493 3200 568 3270 τδὸ
593 3206 637 3271 δέ
658 3230 707 3271 νυ
730 3211 824 3273 λίαν
847 3215 968 3293 φίλος
990 3201 1081 3296 ἦεν.
1106 3215 1147 3276 Α.

301 3310 374 3371 464.
403 3308 487 3392 βίη,
507 3301 549 3372 οὐ
572 3303 628 3372 διά
650 3307 712 3372 τοῦ
735 3335 756 3375 ν
776 3314 865 3396 βίην,
886 3307 1107 3398 Ἀρίσταρχος.
1132 3317 1174 3377 A.

302 3406 374 3473 423.
403 3408 491 3491 λέγει
517 3402 727 3495 Ἀρίσταρχος
756 3413 792 3477 ἐκ
806 3415 829 3499 ¹)
853 3419 915 3479 τοῦ
945 3439 966 3479 α
993 3419 1053 3499 τῆς
1080 3409 1216 3492 Ἰλιάδος
1243 3409 1334 3481 ὑετο-4

215 3506 386 3595 μνήματος
405 3507 442 3576 τδ
458 3511 522 3596 μὲν
538 3508 623 3598 μετ’
647 3508 864 3600 ἀμύμονας
886 3511 944 3582 ἐπ’
964 3511 1198 3601 ἀμύμονας,
1219 3513 1239 3583 δ
1260 3517 1331 3583 ε’στι

216 3606 300 3694 πρὸς
318 3607 494 3698 ἀμώμους,
519 3611 688 3701 ἀγαθούς,
719 3613 756 3681 τό
786 3615 823 3683 δὲ
850 3613 954 3683 κατὰ
983 3622 1080 3682 δαῖτα
1101 3612 1176 3685 ἀντὶ
1196 3623 1258 3684 τοῦ
1277 3619 1331 3685 ἐπὶ

216 3715 322 3784 δαῖτα.
368 3709 477 3794 οὕτως
497 3713 562 3801 γὰρ
585 3723 652 3785 νῦν
666 3715 813 3804 Ὅμηρος
830 3722 992 3788 τέθεικεν.
1028 3723 1112 3807 ἔνιοι
1136 3720 1172 3787 δὲ
1194 3727 1330 3787 ποιοῦσι

215 3815 304 3892 (fort.
325 3823 555 3904 μεταποιοῦσι,
576 3831 612 3887 ut
636 3829 666 3886 A
684 3826 746 3886 593
766 3829 795 3888 Y
813 3829 887 3907 114,
910 3845 1104 3911 quamquam
1123 3828 1258 3890 ποιοῦσι
1283 3836 1332 3889 est

215 3919 314 3982 etiam
338 3922 456 4005 0626)
479 3919 579 4007 μετὰ
600 3926 707 4010 δαῖτα,
731 3920 822 4004 ὅπως
845 3915 866 4013 ᾖ
888 3921 1003 4002 αὐτοῖς
1024 3921 1175 3992 αάτόδεν
1195 3923 1232 3991 ιδ
1248 3923 1331 4010 μετά

214 4017 278 4086 ἐπί.
308 4024 453 4105 χρώνται
475 4020 512 4088 δὲ
534 4024 589 4090 καί
611 4028 764 4104 πλείονες
784 4021 880 4093 ἄλλοι
903 4032 972 4094 τών
991 4034 1142 4112 ποιητών
1165 4033 1205 4115 τῇ
1228 4027 1329 4093 κατά

214 4113 289 4187 ἀντὶ
308 4126 367 4204 τῆς
388 4122 452 4188 ἐντί.
480 4130 661 4210 Σοφοκλῆς
686 4123 770 4210 (ἐγώ
791 4124 876 4193 κατ’
902 4124 1025 4212 αὐτὸν,
1048 4124 1094 4207 ώς
1113 4125 1214 4218 ὁρᾷς,
1236 4130 1329 4212 ἐξέρ-

286 4344 311 4409 Ι)
329 4346 371 4397 cf.
391 4347 412 4396 B
433 4350 491 4400 125.
