2962 5024
232 422 292 482 166
686 423 888 482 -Σ-

317 588 391 650 565.
424 579 484 649 ἐτ’
523 578 669 668 αὐτήν·
698 581 790 670 παρά
817 581 997 671 Ζῃνοδάτφ
1029 584 1068 661 ἐς
1098 567 1252 668 αὐτήν,
1292 585 1354 650 καὶ·

232 690 298 771 ἐχει
317 685 422 770 λόγον
442 680 463 769 ἡ
485 683 609 769 γραφή.
635 687 678 750 A.

317 787 390 849 568.
408 778 620 870 Ἀρίσταρχος
641 783 863 870 ταλάροισι
885 786 939 851 καὶ
959 790 1194 851 πλεκταῖσι.
1218 787 1260 851 A.

320 886 530 973 [μελιηδέα
552 887 730 970 καρπόν·
751 883 860 966 οὕτως
879 888 916 951 αί
927 882 1153 970 Ἀριστάρχου.
1173 887 1227 976 V.]

318 992 391 1052 570.
413 983 503 1069 παρὰ
523 989 703 1077 Ζῃνοὸότφ
725 993 841 1066 λίνος
862 983 896 1054 θ’
916 981 996 1052 ὑπὸ
1017 981 1147 1052 καλὸν
1168 982 1294 1054 ἄειδε.
1317 991 1330 1077 ΙΙ

233 1084 312 1155 6θέ
329 1083 539 1173 Ἀρίσταρχος
565 1087 722 1175 βούλεται
749 1085 794 1174 μὴ
822 1089 883 1174 τὴν
905 1082 1032 1171 χορδὴν
1053 1086 1230 1173 λέγεσθαι,
1259 1084 1345 1157 άλλά

234 1193 332 1276 γένος
353 1214 384 1255 τι
409 1185 522 1274 ὕμνον
541 1186 601 1256 τὸν
623 1195 729 1276 λίνον,
753 1186 865 1276 ὥσπερ
889 1191 920 1254 εί
940 1190 1050 1272 ἔλεγε·
1080 1192 1205 1254 παιᾶνα
1225 1180 1347 1277 ᾗδενῆ

235 1315 265 1356 τι
282 1294 447 1355 τοιοῦτον.
473 1288 525 1358 ord
541 1287 562 1377 ἡ
576 1294 687 1377 διπλῆ.
703 1293 746 1356 A.
772 1292 979 1373 Ooalusrunt,
1000 1292 1035 1354 ni
1049 1291 1156 1374 fallor,
1178 1291 1343 1379 Didymus

235 1402 268 1457 et
287 1393 506 1458 Aristonicus.
529 1395 613 1459 Nam
632 1390 910 1481 ταράΖῃνοθότφ
926 1392 1106 1480 Didymum
1120 1395 1216 1479 sapit.
1237 1393 1345 1459 Aliter

235 1495 337 1559 sensit
356 1494 565 1560 Friedlaend.
594 1518 626 1582 p.
650 1499 730 1579 2893
761 1516 888 1560 mecum
909 1495 1087 1559 Dusntser.
1110 1494 1233 1559 Zenod.
1256 1517 1288 1580 p.
1311 1498 1341 1558 4.

321 1598 394 1661 576.
424 1593 515 1680 τιαρά
532 1595 712 1686 Ζηνοθότφ
734 1592 802 1662 διὰ
821 1592 1021 1682 ραθαλόν·
1048 1588 1067 1659 ὁ
1090 1592 1136 1684 δὲ
1145 1587 1345 1677 Ἀριστοφά-

235 1721 296 1781 νης
321 1693 429 1781 ταρὰ
452 1695 647 1782 ραδαλόν.
688 1694 836 1783 ῥαδαλάν
861 1695 898 1762 δέ
922 1691 1107 1762 ἀκουστέον
1134 1690 1197 1760 τὸν
1220 1691 1343 1781 εάιιρά-

236 1801 362 1864 θαντον
385 1790 431 1862 δι’
462 1791 560 1875 ὕψος.
607 1797 691 1883 φησὶ
719 1795 756 1864 δὲ
778 1795 962 1874 Διονύσιος
984 1792 1178 1881 γράφεσθαι
1200 1796 1255 1861 ιιαί
1277 1799 1346 1862 θο-

237 1901 392 1981 ναιιῆεν
424 1894 507 1963 κατά
539 1895 576 1963 τό
603 1893 799 1982 οὐθέτερον,
832 1891 877 1974 ὠς
905 1898 961 1964 καὶ
987 1894 1049 1964 τόν
1077 1902 1236 1964 τενκοίνα
1263 1921 1346 1964 τευ-

234 2003 326 2067 ιιάεν.
349 2000 392 2064 A.

321 2102 394 2164 579.
439 2098 477 2163 ἐν
512 2102 552 2183 τῇ
585 2096 681 2185 ἑτέρα
705 2102 775 2163 τοῖν
801 2093 1018 2185 Ἀριστάρχου
1056 2098 1132 2166 δύο
1157 2096 1345 2187 τράτῃσι

237 2198 394 2286 βόεσσι.
430 2193 522 2281 παρὰ
544 2196 581 2264 δέ
600 2198 779 2287 Ζῃυοδότφ
799 2203 959 2265 κυανέαν
978 2198 1021 2267 δὲ
1041 2201 1198 2267 λέοντε.
1217 2203 1259 2264 Α.

321 2304 393 2366 581.
416 2295 488 2365 τόν
509 2302 567 2365 δέ·
591 2296 681 2387 παρὰ
694 2298 874 2391 Ζηνοθότφ
892 2297 990 2380 τούς
1010 2301 1071 2388 δέ,
1093 2298 1174 2381 τούς
1194 2302 1342 2386 λέοντας,

236 2397 274 2466 τό
294 2399 331 2468 δὲ
353 2401 503 2467 ἕλκετο
525 2402 625 2486 χωρὶς
645 2406 706 2468 τοῦ
725 2428 748 2468 ι.
763 2403 805 2468 A.

322 2506 394 2568 592.
416 2498 625 2590 Ἀριάδνῃ·
648 2500 738 2588 παρά
760 2502 939 2591 Ζῃνοθότῳ
956 2499 1163 2591 Ἀριάδνῃ.
1186 2508 1227 2570 A.

322 2608 394 2669 597.
419 2608 492 2670 598.
515 2594 610 2670 οὗτοι
624 2602 661 2670 δὲ
684 2652 781 2670 .....
804 2600 884 2668 οὐδὲ
899 2602 988 2689 παρά
1000 2601 1232 2690 Ἀριστοφάνει
1246 2598 1342 2690 ἦσαν.

235 2706 276 2771 Α.
313 2707 464 2774 Correxit
484 2707 608 2772 Friedl.
631 2707 776 2774 Ariston.
794 2730 827 2793 p.
854 2707 926 2770 290.

771 2886 810 2952 Τ.

322 3013 371 3074 17.
405 3007 682 3093 ἐξεφάανθεν·
711 3005 819 3089 οὕτως
836 3005 1060 3096 Ἀρίσταρχος,
1082 3006 1179 3077 άλλοι
1201 3008 1238 3077 A
1257 3013 1345 3091 ἐξε-

236 3104 421 3193 φαάνθη.
455 3111 496 3175 Α.

321 3212 373 3274 27.
396 3205 504 3289 οὕτως
522 3205 732 3297 Ἀρίσταρχος
754 3209 810 3279 διὰ
831 3217 893 3278 τοῦ
915 3209 1101 3299 ῃσατὴῃ.
1124 3215 1166 3277 Α.

324 3311 387 3397 [30.
411 3306 886 3399 άλαλιιεῑν·Ἀριστοφάνῃς
906 3308 1149 3397 άλαλκέμεν.
1173 3314 1227 3402 V.]

320 3416 372 3476 41.
394 3406 545 3499 ἥρωας·
565 3409 889 3499 παρ’Ἀριστοφάνει
905 3409 1083 3502 καὶῬιανῃί
1101 3414 1280 3497 ἐρίῃρας.
1301 3417 1342 3479 Α.

321 3516 372 3578 56.
407 3515 445 3579 ἐν
474 3512 511 3579 δέ
533 3520 574 3601 τῇ
598 3518 664 3603 Χία
683 3511 827 3598 ὄνειαρ
850 3515 1051 3600 ἐγέγραπτο,
1079 3514 1117 3580 ἐν
1137 3519 1178 3601 τῃ
1203 3519 1345 3581 Μασσα-

235 3617 373 3701 λιωτιιιῇ
396 3608 587 3699 ἄμεινον.
610 3618 652 3680 Α.

324 3714 388 3801 [62.
411 3716 610 3801 Χαμαιλέων
632 3713 669 3782 δέ
694 3714 817 3803 γράφει
836 3714 1174 3801 ἐαιμηνίσαντος.
1196 3718 1250 3805 V.]

322 3820 373 3880 70.
394 3810 504 3894 οὕτως
521 3813 733 3902 Ἀρίσταρχος
747 3814 804 3883 διὰ
826 3822 887 3883 τοῦ
910 3843 931 3883 ν
953 3814 1108 3885 άντίον.
1127 3821 1168 3883 A.

320 3921 371 3981 75.
399 3912 671 3997 άτειιτόντος·
690 3915 902 4006 Ἀρίσταρχος
927 3921 988 3998 ἐξω
1010 3924 1073 3985 τοῦ
1095 3943 1113 3984 ο
1136 3913 1345 3984 άπειιτόν-

234 4039 322 4102 τος,
346 4018 401 4083 καλ
423 4020 459 4084 αί
479 4024 624 4096 πλείους.
648 4023 690 4085 Α.

320 4123 372 4183 67.
396 4124 447 4182 77.
470 4120 556 4185 vide
577 4146 609 4208 p.
633 4126 703 4187 ιιι.

319 4222 370 4282 79.
405 4212 600 4285 άιιοάειν·
634 4217 743 4299 οὕτως
761 4219 989 4309 Ἀρίσταρχος,
1018 4214 1114 4285 άλλοι
1136 4216 1173 4285 δέ
1196 4216 1345 4286 άιιουέ-

233 4342 317 4402 μεν.
340 4319 383 4386 A.
