2962 5018
1156 413 1218 473 255

634 582 685 643 39.

199 702 290 763 1121.
334 691 419 763 ἀλλ’
453 691 600 761 οὑτοσί
629 694 791 777 τρέχει·
818 690 1045 777 Σύμμαχος
1066 731 1116 758 ὴ.
1139 688 1158 757 ὁ
1184 693 1220 758 δέ

112 804 301 884 Δίδυμος
321 795 411 883 παρά
435 796 473 864 τδ
492 795 688 881 Πινδάρου·
711 792 891 880 άμπνευμα
912 792 1038 878 σεμνὸν
1053 790 1220 878 Ἀλφειοῦ.

112 908 211 988 διχῶς
229 906 267 968 δέ
287 926 391 980 τινες·
414 898 558 985 άλφειου
580 901 703 968 πνέων.
724 899 819 963 Nem.
838 898 855 962 I
880 901 907 960 1.

640 1075 692 1136 40.

199 1195 290 1255 1274.
312 1179 340 1255 ώ
359 1190 688 1255 κατακέλευσον·
712 1190 827 1272 οἱονεί,
850 1183 983 1270 σιωπὴν
1006 1184 1163 1272 κήρυξον.
1191 1191 1226 1254 οί

112 1289 175 1377 γάρ
210 1291 383 1359 κελευσταὶ
422 1288 583 1368 πολλάκις
618 1285 750 1373 σιωπὴν
782 1290 1018 1374 καταγγέλλειν
1049 1288 1221 1376 είώθασιν,

112 1391 221 1486 σιώπα
243 1395 398 1478 λέγοντες
420 1392 476 1459 καί
499 1388 602 1459 άκουε
625 1387 740 1457 καὶτὰ
763 1386 871 1476 ὅμοια.
947 1462 949 1465 ,

639 1568 690 1627 41.

200 1684 291 1746 1284.
315 1676 514 1746 σκυτάλι’
536 1680 741 1764 έφόρουυ·
759 1706 807 1730 -·
824 1677 914 1744 οὕτω
937 1677 1129 1765 Σύμμαχος.
1154 1675 1225 1745 ὅδὲ

112 1784 300 1867 Δίδυμος
318 1783 481 1848 σκυτάλια
496 1778 554 1861 τάς
575 1787 765 1867 βακτηρίας,
786 1773 838 1860 αἷς
854 1776 894 1846 τά
914 1779 1063 1848 σκύταλα
1077 1781 1227 1849 τύπτου-

112 1905 185 1970 σιν,
215 1880 324 1951 ὅέστι
351 1878 430 1962 τούς
452 1883 647 1970 τραχήλους.
693 1878 713 1968 ἢ
737 1889 848 1950 παίσει
872 1886 1057 1971 (legebatur
1086 1883 1223 1971 παύσει)

112 1984 246 2076 βάκτρῳ
266 1992 391 2076 καλίνῳ
414 1988 563 2053 σκύταλα
586 1984 679 2071 Φρύξ
701 1982 797 2072 άνήρ.
834 2073 836 2076 y

643 2162 696 2224 42.

199 2282 290 2343 1295.
332 2273 562 2365 Ὀπουντίῳ
593 2273 629 2342 δ’
660 2273 896 2360 ὀφθαλμόν·
940 2276 1150 2359 Δίδυμος,
1181 2269 1226 2351 ώς

112 2379 270 2445 τοιούτου
294 2375 356 2462 τὴν
378 2374 459 2456 ὄψιν
486 2373 584 2457 ὄντος
605 2377 810 2463 μνημονεύει
832 2373 940 2441 αύτού
961 2378 1015 2440 καί
1038 2376 1121 2459 μέγα
1140 2374 1225 2461 ῥύγ-

112 2506 168 2565 χος
188 2483 339 2565 ἔχοντος,
367 2484 423 2547 καί
446 2475 463 2546 ὁ
492 2475 550 2558 τάς
568 2476 766 2557 ’Διαλάντας
788 2477 918 2564 γράψας
939 2476 994 2542 καί
1017 2473 1166 2552 Εὔπολις
1187 2475 1225 2539 έν

116 2582 322 2668 Ταξιάρχοις.
368 2579 609 2668 Σύμμαχος·
632 2580 698 2648 κτέ.

639 2737 691 2798 43.

199 2857 290 2920 1296.
332 2850 599 2937 χηναλώπηξ·
622 2891 665 2903 -
689 2845 707 2915 ὁ
730 2847 767 2915 δέ
787 2851 973 2933 Δίδυμος
998 2847 1147 2931 Θεαγένη
1168 2847 1223 2912 καί

112 2955 279 3021 Φιλοκλέα
299 2955 403 3039 φησὶν
422 2952 625 3038 ὀρυιθώδεις
644 2947 739 3018 είναι.

638 3113 691 3173 44.

198 3228 289 3291 1298.
332 3227 510 3305 Μειδίας
538 3223 573 3292 δ’
596 3220 861 3311 ἐκείὌρτυξ·
894 3218 912 3289 ὁ
942 3220 1005 3307 μὲν
1031 3226 1221 3307 Δίδυμος

112 3323 220 3405 οὕτως
320 3320 339 3391 ὁ
363 3326 399 3393 δέ
419 3321 603 3413 Ἀμμώνιος
631 3321 728 3417 φ’ήθη
755 3328 787 3406 έξ
809 3328 969 3394 ἐπιθέτου
991 3329 1139 3393 Μειδίαν
1160 3320 1221 3408 ὄρ-

110 3453 196 3513 τυγα
218 3434 404 3513 καλεῖσθαι.
428 3435 575 3523 γελοίως.
595 3428 651 3495 διά
672 3427 708 3496 τδ
731 3425 902 3516 κυβευτὴν
924 3424 1009 3495 εἶναι
1026 3427 1081 3494 καί
1099 3428 1136 3491 έν
1154 3449 1221 3491 πυ-

111 3534 160 3617 ρῳ
179 3525 258 3606 τούς
281 3525 427 3614 ὄρτυγας
453 3531 591 3597 κόπτειν
622 3527 730 3609 οὕτως
760 3528 865 3598 αύτόν
892 3535 958 3595 νύν
978 3524 1220 3612 Ἀριστοφάνης
1348 3581 1350 3585 .

112 3639 282 3710 προσεῖπε.
330 3632 429 3714 δηλοῖ
451 3629 487 3695 δέ
516 3636 617 3696 τοῦτο
636 3629 878 3716 Ἀριστοφάνης
900 3634 921 3710 †
944 3630 999 3696 καί
1020 3627 1164 3694 Πλάτων
1182 3628 1220 3691 έν

111 3735 307 3811 Περιαλγεῖ·
348 3739 358 3768 1
365 3728 512 3813 χρηστόν
536 3753 575 3813 γε
601 3727 646 3814 μη
671 3729 754 3798 κατὰ
784 3734 932 3797 Μειδίαν
956 3727 1217 3815 ὀρτυγοκόπον’.

111 3827 325 3913 διαβάλλεται
347 3826 384 3894 δέ
407 3835 455 3907 είς
475 3853 510 3895 τε
531 3837 714 3915 πονηρίαν,
737 3828 783 3908 ώς
803 3831 1000 3914 Μεταγένης
1021 3831 1058 3896 έν
1074 3825 1219 3917 Ὁμήρῳ,

111 3930 167 3997 καί
188 3936 415 4019 συκοφαντίᾳ·
438 3927 584 4016 κόβαλός
605 3954 641 3996 τε
663 3926 748 3997 εἶναι
767 3932 897 4014 ἐλέγετο
915 3930 971 3996 καί
987 3928 1219 4015 πτωχαλαζών,

111 4027 157 4111 ὡς
178 4028 349 4118 Φρύνιχος
368 4033 406 4097 έν
423 4026 587 4119 Ἐπιάλτῃ.
616 4032 704 4115 λέγει
727 4034 764 4099 δέ
785 4035 823 4099 έν
845 4037 1047 4118 Ποαστρίαις
1065 4026 1083 4097 ὁ
1107 4026 1219 4116 αύτός,

112 4129 158 4213 ὡς
175 4133 230 4200 καί
252 4134 329 4217 περὶ
346 4128 527 4219 άλέιιτορας
549 4130 656 4200 αὐτοῦ
675 4133 938 4212 ἐσπουδακότος·
961 4172 1004 4185 -
1024 4129 1042 4198 ὁ
1061 4134 1099 4199 δέ
1120 4131 1220 4215 Σύμ-

110 4259 214 4320 μαχος
241 4233 309 4301 κτέ.
354 4237 582 4303 correctiones
604 4234 721 4300 admisi
744 4236 943 4301 certissimas
965 4234 1005 4299 Ο.
1029 4233 1219 4298 Schneideri

110 4359 143 4422 p.
167 4342 217 4402 76.
240 4344 292 4403 77.
337 4339 474 4426 Didymi
495 4338 598 4404 verba
619 4338 776 4403 nonnulla
797 4337 1000 4402 exciderunt.
