2962 5018
236 404 298 468 322

236 591 301 654 ρον
322 570 385 632 τοῦ
400 567 546 653 Θρηικών
567 563 731 650 βασιλέως
749 560 805 628 καὶ
826 556 1199 648 μητρόςἩγησιπάλης,
1220 556 1356 645 ἀπόγο-

236 692 295 748 νος
317 668 354 734 δὲ
377 672 445 733 τών
468 662 749 751 εὐδοκιμωτάτων
769 669 982 749 στρατηγῶν,
1011 666 1097 748 λέγω
1121 658 1163 747 δή
1186 667 1255 729 τών
1277 663 1358 743 περὶ

237 766 433 853 Μιλτιάδην
453 768 508 834 καλ
530 773 681 853 Κίμωνα.
715 761 859 855 ᾠκείωτο
880 762 946 850 γάρ
967 765 1003 831 ἐκ
1026 770 1171 832 παλαιοῦ
1193 768 1239 852 τῷ
1261 765 1358 848 γένει

237 869 322 958 πρὸς
355 868 549 956 Μιλτιάδην
581 865 643 935 τὸν
674 865 880 951 στρατηγόν,
913 871 961 956 τώ
994 868 1030 933 δὲ
1063 866 1236 953 Μιλτιάδῃ
1268 864 1357 950 πρὸς

237 971 368 1040 Αίακόν
388 968 450 1039 τὸν
471 969 566 1047 Διός.
587 965 695 1047 οὕτως
712 964 810 1052 αὐχεῖ
826 964 864 1033 τὸ
880 968 978 1051 γένος
992 963 1011 1034 ὁ
1027 967 1246 1053 συγγραφεύς
1260 962 1356 1034 ἄνω-

237 1084 312 1143 θεν.
355 1073 411 1141 καὶ
439 1069 571 1149 τούτοις
600 1072 791 1154 Δίδυμος
818 1080 999 1155 μαρτυρεῖ,
1030 1068 1229 1160 φερεκάδην
1254 1070 1292 1135 έν
1313 1072 1356 1156 τῆ

238 1178 354 1264 πρώτῃ
374 1180 443 1243 τών
462 1174 621 1257 ἱστοριῶν
637 1166 779 1256 φάσκων
800 1167 909 1249 οὕτως
927 1172 1054 1255 λέγειν·
1092 1175 1251 1249 (Φίλαιος
1271 1169 1309 1236 δὲ
1334 1165 1353 1236 ὁ

237 1285 384 1357 Αίαντος
411 1279 498 1342 οίκεῑ
523 1273 561 1340 έν
576 1269 743 1359 Ἀθήναις.
778 1273 815 1365 ἐκ
838 1272 963 1340 τούτου
983 1271 1020 1338 δὲ
1042 1277 1169 1357 γίνεται
1190 1276 1354 1356 Δαϊκλῆς,

236 1384 299 1446 τοῦ
321 1376 358 1445 δὲ
378 1373 567 1459 Ἐπίλυκος,
598 1379 660 1440 τοῦ
680 1374 717 1441 δὲ
737 1372 918 1460 Ἀκέστωρ,
950 1378 1012 1440 τοῦ
1038 1372 1075 1441 δὲ
1093 1369 1260 1460 Ἀγήνωρ,
1288 1377 1355 1439 τοῦ

238 1477 275 1545 δὲ
290 1474 413 1561 Ὄλιος,
432 1481 494 1543 τοῦ
517 1475 554 1541 δέ
569 1472 695 1561 Λάκης,
717 1482 778 1543 τοῦ
800 1474 836 1542 δὲ
856 1472 985 1561 Ἰοφῶν,
1009 1480 1071 1542 τοῦ
1094 1477 1130 1542 δὲ
1152 1474 1266 1559 Λάιος,
1288 1480 1354 1541 τοῦ
1406 1548 1410 1554 ‚

238 1579 275 1646 δέ
297 1576 529 1666 Ἀγαμήστωρ,
561 1582 621 1644 τοῦ
651 1577 688 1643 δὲ
718 1580 922 1663 Τίσανδρος,
959 1572 1027 1666 [ἐφ’
1057 1566 1100 1643 οὗ
1126 1572 1288 1662 ἄρχοντος
1315 1575 1355 1641 ἐν

235 1676 405 1771 Ἀθήναις]
427 1685 489 1746 τοῦ
508 1678 546 1746 δέ
567 1678 766 1765 Μιλτιάδης,
789 1683 851 1745 τοῦ
871 1677 908 1745 δὲ
930 1682 1127 1765 Τίσανδρος,
1149 1683 1211 1745 τοῦ
1233 1677 1270 1742 δὲ
1283 1673 1355 1744 Ἰπ-

240 1785 427 1866 ποκλείδης,
452 1779 507 1867 ἐφ’
528 1773 571 1849 οὗ
592 1777 754 1866 ἄρχοντος
769 1778 996 1867 Παναθήναια
1017 1782 1128 1867 ἐτέθη,
1146 1784 1208 1846 τοῦ
1223 1779 1259 1844 δέ
1277 1777 1355 1844 Kv'-

239 1890 351 1969 ψελος,
373 1888 435 1949 τοῦ
457 1881 495 1948 δὲ
516 1881 716 1968 Μιλτιάδης,
738 1877 776 1961 ὃς
797 1877 898 1973 ᾤκισε
920 1880 1166 1971 Χερὸόνησον’.
1189 1891 1357 1966 μαρτυρεῖ

240 1982 277 2050 δὲ
300 1983 431 2062 τούτοις
453 1985 509 2050 καὶ
526 1978 719 2062 Ἑλλάνικος
740 1985 777 2049 έν
798 1990 838 2072 τῆ
859 1987 1112 2072 ἐπιγραφομένῃ
1132 1981 1299 2050 Ἀσωπίδι.

325 2090 463 2163 Φίλαιος
481 2084 681 2171 Wesseling.
704 2084 828 2151 Herod.
848 2087 897 2152 VI
913 2092 954 2152 35
979 2088 1053 2154 coll.
1074 2087 1160 2152 Plut.
1180 2086 1246 2151 Sol.
1265 2109 1294 2150 α.
1315 2089 1354 2149 10

240 2189 338 2252 Paua.
362 2189 380 2251 I
402 2191 453 2271 35,
471 2190 490 2251 2
513 2196 545 2252 et
567 2209 670 2272 marg.
694 2188 746 2253 ed.
762 2186 874 2277 Steph.
891 2193 922 2255 2.
944 2182 1151 2277 Recepdrunt
1165 2189 1221 2253 Fr.
1234 2189 1354 2252 Ritter.

239 2300 273 2356 et
297 2290 539 2356 Westermann.
571 2312 630 2375 pro
659 2289 749 2375 vulg.
782 2295 929 2370 Φιλαίας.
953 2332 995 2340 -
1018 2290 1166 2368 Δάικλος
1197 2289 1286 2374 vulg.
1322 2299 1355 2354 et

238 2392 281 2458 A.
294 2391 481 2474 Westerm„
503 2384 628 2468 Αἶκλος
640 2392 793 2475 casaub„
817 2398 966 2478 Δαϊκλῆς
987 2396 1104 2459 Ritter.
1124 2391 1197 2458 coll.
1210 2390 1353 2477 Dionys.

240 2496 312 2562 AR.
335 2494 352 2558 I
376 2499 427 2558 71.
448 2532 492 2546 —-
518 2488 692 2571 Ἐπίδυκος
711 2496 800 2581 vulg.
820 2490 984 2574 Ἐπίδικος
1007 2496 1158 2562 Grauert.
1181 2517 1212 2580 p.
1239 2497 1298 2555 175
1322 2502 1355 2556 et

239 2598 374 2679 Ritter„
405 2587 580 2673 Ἐπίλυκος
601 2595 774 2660 Westerm.
809 2619 883 2661 cum
905 2596 1057 2663 Goellero
1086 2604 1118 2660 et
1144 2594 1287 2681 Sauppio
1319 2595 1355 2658 in

240 2708 303 2764 act.
324 2720 390 2764 soc.
413 2697 472 2762 Gr.
495 2700 513 2760 2
535 2721 567 2784 p.
592 2699 654 2760 436
682 2697 756 2761 coll.
779 2699 867 2762 Keil.
890 2699 981 2764 vind.
1004 2719 1111 2762 onom.
1134 2720 1164 2783 p.
1189 2702 1207 2760 7
1239 2694 1353 2781 steph.

240 2801 323 2864 thes.
340 2799 393 2863 III
404 2822 436 2886 p.
453 2798 639 2862 15881682
662 2801 713 2863 ed.
731 2798 810 2863 Did.
824 2799 914 2866 Suid.
927 2822 953 2864 s.
966 2822 999 2864 v.
1017 2793 1151 2882 Κράτης
1163 2791 1353 2879 Ἀθηναῖος.

237 2895 419 2976 Ἐπίλυκος.
441 2937 484 2948 -
499 2895 611 2975 Ὄλιος
632 2908 664 2963 et
686 2900 812 2965 Rittero
834 2910 866 2965 et
882 2901 1134 2966 Westermanno
1152 2902 1222 2965 iure
1241 2922 1355 2986 suspe-

240 3011 329 3066 ctum
352 3009 412 3064 est.
436 3002 554 3064 ‘Forte
568 2992 678 3077 Ὀδίος
698 3000 753 3065 vel
770 2996 927 3079 ’01λεάς’.
948 3040 991 3051 -
1016 2997 1155 3085 Τύφων,
1175 3001 1264 3086 vulg.
1286 2999 1354 3065 Τό-

240 3123 317 3185 φων
335 3100 417 3182 ΡΟ,
446 3093 566 3183 Ἰοφών
588 3101 763 3167 Westerm.
784 3123 813 3166 c.
837 3103 889 3168 ed.
909 3102 1062 3167 Francos.
1081 3141 1124 3152 —
1146 3105 1207 3166 τοῦ
1231 3099 1267 3165 δὲ
1295 3104 1355 3165 Τί-

240 3201 387 3284 σανδρος
405 3199 471 3265 κτὲ.
517 3202 568 3266 Of.
593 3205 738 3268 Voemel.
760 3227 836 3268 exx.
865 3202 1011 3268 chronol.
1036 3204 1077 3268 de
1099 3212 1162 3268 aet.
1186 3202 1297 3268 Solon.
1321 3212 1356 3267 et

241 3303 355 3369 Croesi
373 3325 405 3390 p.
432 3307 469 3365 17
491 3341 534 3352 -
552 3297 667 3391 ᾤκισε)
691 3304 760 3370 PG.
784 3315 816 3370 et
837 3305 931 3387 Ald.‚
960 3298 1072 3392 ᾤκησε
1093 3301 1354 3389 correx.'Steph.

243 3405 383 3472 Oasaub.
406 3405 474 3471 alii.
782 3492 801 3553 2

325 3608 506 3674 Marcellin.
528 3611 559 3691 ξ.
585 3611 624 3672 16
647 3603 692 3692 μή
714 3602 892 3693 άγνοώμεν
914 3608 950 3677 δὲ
972 3613 1084 3695 τοῦτο,
1107 3604 1311 3693 ὅτιὌρολος
1334 3602 1354 3676 ὁ

242 3705 351 3794 πατήρ
373 3705 465 3799 αὐτῷ
487 3710 574 3793 έστι,
602 3712 661 3794 τῆς
680 3707 743 3794 μὲν
769 3709 902 3795 πρώτης
924 3716 1094 3798 συλλαβῆς
1117 3707 1154 3777 τὸ
1177 3710 1357 3796 ρέχούσης

241 3817 300 3895 τῆς
320 3811 356 3877 δέ
379 3813 538 3897 δευτέρας
555 3809 597 3885 ,τό
619 3818 647 3878 λ.
672 3808 758 3898 αὕτη
782 3809 846 3897 γὰρ
861 3808 882 3896 ή
898 3812 1023 3897 γραφή,
1049 3807 1093 3891 ώς
1108 3815 1163 3879 καί
1176 3808 1356 3898 Διδύμφ

242 3915 352 3998 δοκεῖ,
374 3909 570 4000 ἡμάρτηται.
605 3910 656 3979 ὅτι
681 3910 897 3999 γάρ”Ορολός
920 3914 1029 3998 έστιν,
1052 3909 1072 3998 ή
1092 3913 1196 3998 στήλη
1215 3907 1356 3997 δηλοίῆ

241 4013 295 4079 ἐπὶ
320 4018 382 4079 τοῦ
404 4012 516 4098 τάφου
538 4011 647 4081 αὐτοῦ
669 4017 816 4100 κειμένη,
837 4017 922 4082 ἔνθα
943 4013 1142 4101 κεχάρακται
1165 4014 1351 4080 ’Θουκυδί-

241 4116 302 4198 δης
325 4111 466 4199 Ὀρόλου
490 4111 734 4201 Ἀλιμούσιος’.
763 4113 848 4201 πρὸς
869 4111 933 4201 γάρ
961 4128 1032 4194 ταῖς
1053 4119 1210 4183 Μελιτίσι
1233 4112 1360 4193 πύλαις

241 4216 464 4300 καλουμέναις
492 4214 583 4287 ἐστίν
611 4217 648 4280 έν
674 4221 780 4303 Κοίλῃ
809 4213 850 4283 τά
877 4215 1069 4303 καλούμενα
1091 4214 1248 4302 Κιμώνια
1269 4215 1360 4301 μνή-

241 4338 343 4397 ματα,
365 4317 451 4381 ἔνθα
469 4319 641 4384 δείκνυται
657 4312 812 4404 Ἡρώδου
831 4319 886 4386 καὶ
900 4321 1118 4386 Θουκυδίδου
1137 4316 1245 4402 τάφος
1262 4312 1373 4402 εὑρέ,
