2932 5002
1177 423 1239 484 347

130 586 288 653 Claudius
316 586 480 673 Didymus
508 586 536 649 si
565 584 722 649 librorum
750 586 792 650 de
820 585 983 649 latinitate
1011 596 1123 650 auctor
1145 592 1263 670 esset,

129 710 213 777 quae
234 688 276 753 de
299 687 430 752 Claudii
452 687 626 751 novamina
647 686 779 750 disserit
804 687 992 752 Priscianus
1020 689 1067 752 ita
1094 697 1242 753 narraret

129 792 254 876 opinor,
277 799 314 854 ut
327 789 508 876 Didymum
529 788 635 873 ipsum
656 789 749 874 sequi
762 797 943 875 appareret,
964 793 1019 877 qui
1038 790 1241 875 imperatoris

129 895 299 957 inventum
326 890 505 978 praeterire
535 889 665 954 silentio
685 890 744 954 vix
764 900 887 975 posset.
932 891 985 958 Os.
1009 890 1158 957 Torreat.
1182 889 1242 956 Ca-

130 994 223 1060 saub.
245 994 337 1080 Lips.
359 991 401 1055 ad
424 992 556 1056 Sueten.
580 989 693 1056 Claud.
716 989 810 1056 Caes.
832 1014 860 1056 c.
882 995 934 1057 41.

668 1148 698 1208 2.

216 1265 376 1329 Priscian.
399 1264 450 1329 XI
476 1267 503 1346 l,
528 1271 539 1326 1
565 1264 630 1329 vol.
657 1268 722 1350 lp.
747 1267 808 1328 515
831 1266 891 1330 Kr.
915 1264 1037 1329 ‘Stoici
1055 1267 1142 1329 enim
1165 1287 1242 1352 qno·

130 1369 227 1434 modo
253 1365 424 1430 articulum
457 1374 490 1429 et
509 1386 688 1451 pronomen
709 1388 808 1430 unam
836 1374 961 1452 partem
984 1368 1140 1433 orationis
1160 1368 1243 1430 acci-

130 1468 273 1556 piabant,
296 1467 458 1531 infinitum
479 1467 652 1532 articulum
675 1479 842 1549 vocantes,
860 1487 957 1553 quem
977 1468 1179 1550 grammatici
1193 1489 1242 1531 ar-

130 1569 283 1650 ticulum,
312 1568 342 1630 ei
369 1589 498 1655 quoque
525 1567 741 1652 adiungentes
765 1570 863 1632 ctiam
889 1568 1016 1631 infinita
1035 1569 1167 1632 nomina
1191 1567 1244 1632 vel

131 1671 285 1735 relativa:
301 1668 387 1756 quod
405 1668 503 1731 etiam
514 1669 714 1756 Didymus
730 1669 810 1733 fauit
824 1677 968 1732 tractans
986 1667 1025 1732 de
1041 1667 1242 1733 Latinitate.’

218 1769 270 1835 Cf.
293 1768 447 1856 Apollon.
470 1770 511 1835 de
532 1791 625 1856 pron.
647 1793 680 1857 p.
704 1775 722 1834 4
749 1768 859 1834 Bekk.
881 1769 1017 1833 Lersch.
1037 1768 1241 1855 Sprachphil.

132 1871 167 1936 11
188 1894 220 1958 p.
244 1873 369 1935 41-43
391 1871 432 1935 R.
456 1871 614 1936 Schmidt.
643 1870 742 1937 Stoic.
765 1893 901 1956 gramm.
922 1892 954 1956 p.
978 1871 1115 1934 39-42.

671 2029 690 2089 3

215 2143 376 2207 Priscian.
399 2144 484 2209 VIII
513 2149 551 2208 17
573 2150 605 2228 ς.
627 2150 679 2212 96.
705 2152 724 2210 7
748 2145 813 2210 vol.
835 2144 852 2208 I
874 2167 906 2230 p.
930 2144 1003 2208 429.
1048 2140 1242 2206 ‘Sciendum

131 2253 250 2326 tamen,
272 2245 360 2331 quod
381 2246 533 2310 videmur
555 2249 588 2310 in
611 2249 785 2333 praeterito
807 2245 953 2331 perlecto
975 2232 1166 2329 plerumque
1188 2241 1243 2306 ba-

131 2352 249 2430 rytona
279 2365 407 2431 quoque
435 2345 636 2411 Graecorum
664 2348 784 2411 imitari
806 2348 838 2409 in
861 2345 1110 2411 commutatione
1132 2365 1244 2407 conso-

132 2445 290 2525 nantium,
311 2444 597 2531 testeDidymo,
619 2449 675 2533 qui
695 2447 870 2512 ostendens
883 2448 1001 2529 omnia,
1021 2465 1105 2531 quae
1122 2441 1245 2507 habent

132 2547 166 2609 in
188 2553 257 2608 arte
281 2544 410 2627 Graeci,
433 2543 555 2609 habere
575 2548 672 2611 etiam
695 2547 831 2611 Latinos
855 2545 1013 2632 exemplis
1036 2543 1096 2608 hoc
1116 2542 1242 2630 probat.

131 2647 226 2730 Nam,
247 2668 347 2734 quum
369 2648 508 2732 primam
526 2637 789 2732 coniugationem
808 2648 922 2714 dicunt
939 2647 1134 2733 baryto'non,
1161 2666 1244 2731 quae

131 2760 198 2814 tres
222 2756 379 2832 cognatas
401 2746 500 2811 habet
522 2756 749 2830 consonantes,
772 2748 872 2813 idest
890 2753 911 2833 β
927 2772 950 2814 π
966 2771 1002 2830 φ,
1023 2769 1082 2834 pro
1104 2767 1169 2832 qua
1183 2766 1243 2810 nos

130 2850 175 2938 ph
198 2849 371 2914 scribimus
397 2851 430 2912 in
452 2848 618 2936 plerisque
640 2859 673 2913 et
694 2851 728 2913 in
752 2848 901 2915 omnibus
923 2848 1019 2912 huius
1043 2846 1243 2930 coniugatio-

130 2953 181 3015 nis
204 2948 314 3015 verbis
335 2972 394 3036 per
417 2960 442 3027 ψ
464 2945 625 3034 ἀόριστον
650 2950 682 3014 h.
707 2974 735 3015 e.
757 2951 967 3038 praeteritum
988 2948 1150 3012 infinitum
1171 2967 1245 3033 spa-

129 3053 175 3117 tio
198 3052 353 3138 temporis
381 3060 490 3116 utrum
513 3051 610 3138 paulo
637 3061 713 3117 ante
741 3076 784 3117 an
806 3051 907 3118 multo
929 3052 973 3116 sit
993 3049 1185 3137 pcifaetum.
1207 3056 1244 3112 ut

129 3152 246 3238 κρύβω
271 3152 372 3240 (unde
392 3151 541 3236 κρύπτω,
562 3152 624 3219 hoc
636 3156 655 3216 2
668 3177 729 3219 em.
742 3153 848 3236 codd,
865 3152 952 3240 quod
966 3149 1076 3239 prob.)
1100 3151 1243 3234 ἔκρυψα,

128 3254 377 3338 intitulantur,
400 3248 526 3336 ἀλείφω
546 3247 678 3338 iterun,
700 3278 760 3320 nos
773 3276 901 3342 quoque
922 3254 956 3317 in
977 3252 1152 3339 praeterito
1172 3273 1243 3339 per-

130 3357 216 3422 fecto
236 3393 342 3438 --,
366 3379 439 3420 cum
460 3357 494 3419 in
512 3357 678 3443 praesenti
700 3357 735 3419 in
753 3361 789 3421 bo
810 3355 864 3419 vel
882 3376 924 3435 po
944 3354 1073 3442 desinat
1094 3351 1243 3434 verbum,

128 3457 319 3545 plerumque
346 3457 381 3521 in
407 3450 459 3538 pst'
482 3456 620 3521 facimus
647 3458 857 3544 praeteritum
883 3455 1063 3543 perlectum
1092 3455 1126 3518 in
1147 3455 1245 3517 tertia

129 3560 372 3644 coniugatione,
393 3568 429 3622 ut
450 3557 557 3623 scribo
580 3559 713 3643 scripsi,
735 3556 823 3621 nubo
843 3557 956 3642 nupsi,
980 3554 1090 3640 scalpo
1113 3551 1242 3640 scalpsi,

128 3682 206 3746 repo
225 3659 334 3745 repsi’
358 3666 390 3720 et
411 3679 442 3742 q.
466 3679 493 3720 s.

213 3757 368 3822 'Praetavi
387 3754 475 3819 hunc
497 3755 603 3821 locum
624 3758 659 3820 in
676 3765 847 3821 comment.
869 3756 911 3820 de
925 3755 1088 3841 Dionysio
1104 3753 1240 3818 Thrace.

129 3859 181 3926 Ol.
204 3857 313 3923 Bekk.
334 3855 472 3921 anecdd.
496 3856 531 3920 II
552 3881 584 3943 p.
602 3859 674 3938 638,
695 3860 736 3920 30
758 3878 829 3942 sqq.
852 3854 994 3920 Timoth.
1018 3855 1139 3919 Gazae.
1166 3851 1242 3934 aaut

125 3960 261 4037 συντάξ.
288 3981 340 4045 ap.
372 3956 479 4022 Onam.
504 3956 577 4021 ΑΡ.
599 3956 648 4021 IV
669 3979 701 4043 p.
725 3957 804 4038 242,
826 3960 866 4020 27
889 3993 930 4002 —
953 3957 1024 4039 243,
1047 3958 1066 4019 3
1094 3953 1240 4019 Macrob.

126 4063 168 4128 de
188 4062 343 4128 societate
365 4059 485 4124 Graeci
506 4059 684 4146 Latinique
703 4057 797 4122 verbi
818 4081 850 4145 p.
874 4060 935 4123 796
956 4057 1007 4122 ed.
1030 4056 1133 4121 Zeun.

664 4215 694 4275 4.

208 4331 367 4403 Priscian.
390 4329 432 4397 de
452 4333 508 4422 fig.
531 4331 654 4399 numi
675 4333 740 4415 §.9
761 4328 827 4396 vol.
851 4329 886 4393 ΙΙ
907 4351 940 4416 p.
957 4330 1020 4393 390
1043 4325 1241 4393 ‘Sestertius
