2964 5010
1215 417 1252 475 51

146 579 205 642 Ar.
228 576 353 662 Vespp.
376 580 450 640 457.
493 574 637 639 Meinek.
661 574 752 639 Com.
775 577 840 640 vol.
863 578 947 665 Hp.
972 581 1032 643 584
1053 601 1101 667 sq.
1146 581 1256 665 Auget

147 677 262 759 fidem,
292 676 503 764 Hesychiana
531 698 548 740 e
571 674 708 762 Didymi
735 679 859 742 comico
883 681 989 744 lexico
1010 681 1158 766 prosecta
1176 703 1255 763 esse,

148 775 235 862 quod
256 775 309 840 hic
330 776 499 842 Athenaeo
522 775 574 841 IX
592 798 625 861 p.
647 776 745 841 371?
766 786 851 842 teste
873 781 905 842 in
921 778 1101 866 Phrynichi
1121 780 1257 864 Κρόνον

148 879 412 943 commentarium
434 877 580 965 scripsit,
608 877 697 942 unde
723 879 758 942 in
776 880 923 945 eiusdem
947 884 1105 947 comicum
1128 884 1256 950 lexicon

148 991 243 1066 atque
264 978 466 1066 Hesychium
491 980 589 1045 etiam
610 979 691 1044 haec
711 982 966 1067 transmigrasse
993 985 1172 1049 verisimile
1198 995 1256 1068 est,

145 1079 297 1162 γήθυα·
331 1077 581 1165 άμπελόπρασα.
623 1082 658 1145 oi
680 1079 718 1145 δὲ
747 1085 965 1165 γηθυλλίδας.
1008 1086 1044 1150 οί
1069 1084 1107 1150 δὲ
1129 1084 1256 1169 μεγάλα

144 1178 310 1266 κρόμμυα,
333 1178 428 1249 άλλοι
451 1180 572 1267 χλωρά.
600 1183 782 1248 Memorato
803 1181 939 1270 dignum
960 1196 1010 1251 est
1027 1185 1174 1252 hocloco
1191 1187 1256 1252 He·

142 1282 290 1369 sychium
315 1283 485 1349 Athenaeo
504 1306 576 1349 csse
597 1285 841 1368 accuratiorem,
863 1288 1001 1372 singulis
1022 1288 1255 1374 interpretibus

142 1384 288 1470 singulas
305 1385 534 1451 attribuentem
550 1387 797 1474 explicationes.
821 1387 1101 1476 Deipnosophista
1118 1392 1204 1454 enim
1221 1391 1255 1452 in

140 1486 274 1553 brevius
288 1489 466 1553 contraxit:
489 1482 573 1570 ὅπερ
586 1486 809 1572 ἐξηγούμενος
823 1489 934 1572 δρᾶμα
951 1493 1137 1573 Δίδυμος
1154 1486 1254 1574 ὅμοιά

142 1606 247 1672 φησιν
277 1585 362 1655 εἶναι
391 1587 431 1654 τά
460 1588 576 1674 γήθυα
597 1600 666 1666 τοῖς
688 1589 881 1672 λεγομένοις
901 1583 1185 1675 ἀμπελοπράσοις,
1214 1588 1254 1658 τὰ

140 1685 173 1755 δ’
200 1686 287 1756 αὐτὰ
316 1692 371 1755 καὶ
401 1690 621 1767 tuscanicae
650 1690 808 1773 λέγεσθαι
853 1690 930 1777 (leg.
959 1713 1033 1756 oum
1053 1693 1166 1758 Dalec.
1192 1718 1255 1776 γη-

140 1794 323 1870 θυλλίδαςς
343 1813 416 1856 oum
438 1790 558 1856 Athen.
583 1790 677 1855 codd.
697 1791 778 1856 facit
792 1791 942 1856 Eustath.
968 1797 1058 1876 1155,
1079 1795 1145 1881 20).
1186 1794 1254 1860 Sub

142 1893 177 1955 οί
203 1890 259 1976 δὲ,
293 1894 328 1958 ol
350 1889 388 1957 cl
419 1891 497 1956 vide
523 1912 565 1956 ne
595 1892 717 1957 lateant
744 1892 918 1980 Lycophro
947 1902 979 1957 et
1009 1893 1252 1962 Eratosthenes.

141 1992 174 2078 2)
204 1992 298 2058 Phot.
326 2016 358 2079 p.
382 1997 461 2077 497,
486 1997 498 2055 1
542 1995 755 2072 Σακίξειν·
786 1990 848 2059 τὸν
869 1993 1027 2077 τρομώδη
1049 1990 1105 2058 διὰ
1125 1993 1254 2061 σάκκον

140 2093 195 2159 καὶ
213 2095 378 2181 στρέβλης
398 2089 499 2179 sitista
517 2089 622 2160 οἶνον.
653 2090 744 2161 οὕτω
768 2092 972 2179 Λυκόφρων.
1017 2098 1062 2161 At
1083 2096 1197 2163 horum
1219 2102 1254 2163 in

139 2196 307 2284 Hesychio
332 2219 393 2261 neo
420 2198 497 2263 vola
525 2220 587 2263 nec
614 2198 791 2282 vestigium
819 2207 983 2283 superest,
1015 2207 1052 2262 ut
1083 2208 1253 2285 susceptus

138 2308 225 2364 totus
259 2299 510 2387 exantlatusque
541 2298 635 2364 labor
666 2299 709 2364 ad
741 2300 869 2363 irritum
901 2299 1060 2363 cecidisse
1089 2301 1251 2365 videatur..

139 2401 214 2465 Non
241 2423 368 2467 vereor.
413 2401 581 2466 Succurrit
611 2404 698 2465 enim
726 2402 797 2487 ipse
819 2399 964 2486 Hesyoh.
988 2401 1023 2464 II
1049 2404 1129 2464 1110
1151 2418 1253 2465 oua·
1345 2398 1352 2410 '

139 2505 270 2582 κίζειν
298 2505 377 2592 (leg.
408 2507 554 2584 σακίζειν
581 2502 654 2569 coll.
678 2503 782 2567 Piers.
805 2502 909 2566 Moer.
935 2525 967 2588 p.
989 2505 1048 2566 261
1074 2502 1125 2565 ed.
1148 2502 1252 2587 Lips.)

139 2603 192 2669 ἐπὶ
216 2609 277 2671 τοῦ
305 2605 488 2672 ἐκκενωσιιι
518 2603 574 2672 διά
599 2601 729 2688 κλοπὴν
752 2599 832 2680 τούς
858 2599 1006 2679 σάκκους
1028 2596 1148 2666 ὁποῖόν
1171 2620 1251 2684 φασι

139 2717 208 2783 τοῖς
231 2703 385 2790 ἐργάταις
410 2703 446 2794 (δ’
471 2717 582 2773 ποιεῖν
610 2721 694 2788 φασι
716 2704 796 2781 τούς
815 2700 957 2785 ἐργάτας
981 2703 1009 2767 Ι.
1032 2704 1144 2790 Voss.)
1175 2697 1253 2769 ὡσεὶ

141 2809 234 2892 ἔλεγε
256 2805 538 2892 χαλκοδερμιστής
559 2804 638 2888 asi„
661 2805 780 2892 quibus
802 2826 929 2870 summo
944 2806 1015 2870 iure
1032 2805 1113 2870 haec
1131 2806 1253 2871 adscri-

138 2921 273 2996 pserunt
298 2911 474 2998 Sopingius
502 2918 535 2974 et
562 2909 745 2972 Palmerius
778 2908 837 2971 ‘Iu
858 2928 940 2972 voce
959 2909 1136 2985 Σακκιζειν
1157 2911 1253 2973 otiis

137 3035 222 3100 quae
245 3022 423 3100 sequuntur
442 3010 546 3076 multa
564 3010 644 3075 mihi
666 3010 819 3075 videntur
838 3008 999 3075 turbata.'
1025 3009 1113 3091 Quid
1129 3012 1252 3096 igitur?

138 3138 221 3202 quae
245 3123 337 3178 tanta
365 3115 427 3178 erit
455 3113 569 3178 iudicii
590 3113 805 3199 perversitas,
838 3121 874 3176 ut
896 3111 967 3178 loco
988 3112 1161 3177 manifeste
1183 3135 1252 3177 cor·

138 3226 233 3304 rupto
255 3216 414 3281 adversus
437 3238 496 3281 nos
517 3216 566 3280 uti
587 3216 660 3304 quis
689 3215 834 3280 audeat?
877 3213 965 3296 Quin
997 3224 1122 3280 tantum
1149 3214 1251 3295 abest,

136 3330 173 3384 ut
198 3320 229 3384 h.
249 3319 272 3383 1.
301 3329 414 3383 nostra
434 3318 642 3404 ‘infringatur
660 3320 836 3399 sententia,
862 3327 899 3383 ut
920 3339 956 3382 re
977 3318 1161 3382 accuratius
1181 3339 1251 3403 per·
1318 3350 1321 3353 ·

135 3443 240 3509 pensa
269 3442 335 3485 non
357 3421 453 3485 modo
475 3420 642 3508 Hesychia
663 3442 756 3507 opem
777 3420 864 3484 ferre
886 3420 1050 3506 possimus
1057 3467 1066 3501 ,
1100 3417 1159 3482 sed
1182 3417 1251 3479 elfi-

138 3548 212 3589 cere
240 3526 354 3607 etiam,
384 3533 421 3588 ut
450 3532 561 3588 nostro
590 3522 725 3589 consilio
752 3522 950 3610 respondeat
971 3529 1119 3584 eventus.
1163 3517 1252 3581 Audi

136 3627 214 3691 mihi
239 3626 512 3715 Phrynichum¹)‚
548 3649 644 3714 quem
671 3627 788 3690 merita
815 3624 912 3688 laude
940 3621 1069 3686 extollit
1091 3616 1251 3682 Bernhar-

211 3818 235 3885 1)
260 3820 300 3870 Ac
324 3817 507 3886 Phrynichum
531 3818 638 3883 quidem
664 3817 687 3866 si
707 3818 866 3880 argumento
886 3825 954 3874 opus
979 3815 1022 3859 cst
1046 3807 1164 3872 Didymo
1187 3823 1251 3859 non·

138 3902 213 3953 nulls
231 3902 391 3968 sublegisse,
412 3902 538 3954 conseras
556 3900 621 3950 licet
639 3915 702 3964 app.
719 3897 796 3962 soph.
816 3911 859 3960 ep.
878 3894 965 3944 Bekk.
986 3891 1220 3957 snecdd.1p.42‚
1238 3893 1248 3944 l

137 4006 197 4040 cum
222 3990 340 4056 Didymo
367 4007 410 4056 ap.
439 3987 524 4039 schol.
552 3988 599 4037 Ar.
624 3985 726 4049 Vespp.
755 3981 831 4033 1033.
877 3978 1046 4043 Phrynichus
1074 3980 1144 4028 enim
1172 3980 1251 4030 haec:

132 4064 299 4142 Ἡπιάλης
317 4068 332 4127 ὁ
352 4069 515 4126 ἐπιπίπτων
533 4068 581 4124 καί
600 4062 732 4136 ἐφέρπων
747 4069 808 4127 τοῖς
824 4059 1013 4132 κοιμωμένοις
1030 4062 1150 4131 δαίμων,
1175 4059 1207 4116 τδ
1220 4060 1252 4116 δὲ

138 4155 186 4212 διά
206 4161 259 4214 τοῦ
277 4165 295 4214 δ
312 4157 409 4228 ἕτερον
423 4180 448 4212 τι
466 4159 597 4227 σημαίνει
615 4150 646 4209 sd
662 4148 838 4223 καλούμενον
850 4146 1047 4220 διγοπάρετον.
1066 4151 1175 4204 Scholia
1187 4168 1252 4227 vero

135 4250 216 4301 hoec:
242 4241 430 4316 ἠπιάλοις·
455 4242 576 4314 ἠπίαλος
601 4238 633 4297 τά
657 4242 710 4295 τοῦ
733 4239 860 4308 πυρετοῦ
885 4233 972 4306 κράος
989 4268 1022 4278 -
1041 4236 1202 4304 Δίδυμος
1220 4232 1253 4288 δι’

135 4352 206 4402 φησι
219 4335 340 4403 δαίμων,
354 4318 540 4401 δκἨπιάλην
550 4329 598 4384 καί
615 4333 712 4397 Τῖφυν
726 4327 773 4381 καὶ
784 4320 905 4380 Εάάπαν
914 4324 1032 4379 καλοῦσι
1044 4316 1099 4379 sti.
1120 4319 1251 4394 (Εάόπαν

998 4406 1045 4469 4*
