2962 5018
259 385 320 445 254

257 572 385 634 γονται,
407 543 453 625 ὡς
474 547 700 630 καὶΜηδικοί.
730 552 811 625 ίσως
832 548 872 612 δέ
895 565 961 614 τισι
986 549 1074 636 (Ῥτις
1089 538 1147 632 ἦν)
1169 543 1270 628 καλός
1293 561 1371 627 παῖς

256 646 405 728 Νεοττός
425 644 587 734 τούνομα,
610 647 694 733 πρὸς
716 642 758 714 δν
775 654 897 728 παίζει·
921 640 949 715 ιδ
960 652 1086 716 Νεοττὲ
1100 651 1256 716 δέσποτα.
1278 646 1370 718 οὑτω

256 756 457 838 Δίδυμος.

785 866 837 934 33.
934 931 936 933 ,

341 992 413 1054 836.
433 995 467 1055 Δ
473 992 488 1053 ί
492 985 626 1073 δυμός
651 1003 734 1070 φησι
757 984 793 1051 τδ
809 982 1023 1070 Πελαργικόν
1041 999 1147 1073 τεῖχος
1162 988 1215 1054 ἐπὶ
1233 993 1369 1073 πετραῖα

254 1099 397 1158 κεῖσθαι.
432 1091 484 1157 Of.
510 1091 689 1175 Goettling.
711 1091 745 1152 in
767 1090 852 1154 Mus.
875 1088 980 1154 Rhen.
997 1089 1038 1155 N.
1051 1090 1090 1155 F.
1106 1090 1155 1154 IV
1175 1115 1206 1178 p.
1220 1094 1369 1155 321-45

253 1217 286 1281 p.
309 1197 382 1261 324.
472 1277 476 1283 .

787 1312 839 1374 34.

339 1432 412 1495 876.
432 1471 475 1479 -
493 1469 536 1479 -
556 1423 573 1494 ὁ
597 1428 634 1493 δὲ
656 1429 842 1512 Δίδυμος
862 1427 988 1512 μητέρα
1008 1433 1225 1514 Κλεοκρίτου,
1244 1422 1297 1494 ὅτι
1321 1424 1368 1508 ὡς

253 1535 429 1616 γυναικίας
451 1532 505 1597 καὶ
530 1533 680 1608 κίναιδος
703 1532 918 1619 κωμῳδεῖται.
963 1530 1000 1595 ἐν
1022 1530 1059 1596 δὲ
1080 1543 1149 1610 τοῖς
1169 1536 1368 1617 μυστηρίοις

252 1638 310 1716 τῆς
323 1629 411 1711 Ῥέας
431 1633 574 1718 μαλακοὶ
596 1630 739 1716 πάρεισι.
763 1632 818 1696 καί
833 1636 914 1710 ίσως
937 1628 1050 1715 ἕτερος
1070 1624 1113 1696 όν
1136 1638 1188 1716 είη
1204 1636 1266 1698 τοῦ
1282 1627 1364 1713 παρ’

252 1733 443 1814 Εὐπόλιδος
465 1735 503 1801 ἐν
524 1734 655 1819 Δήμοις
678 1734 733 1800 καὶ
756 1729 890 1813 Κόλαξι.

734 1907 737 1912 ·
782 1891 833 1952 35.

330 2011 409 2091 995.
431 2012 471 2071 τί
478 2032 494 2084 ς
513 2000 532 2071 ὑ
558 2005 783 2090 κόθορνος·
807 1997 892 2089 οἷον,
917 2008 950 2071 τί
970 2000 1227 2090 ὑποδησάμενος
1245 2005 1363 2089 κόρεις

251 2104 341 2175 οὑτω
366 2105 546 2192 Σύμμαχος
568 2111 589 2181 †
611 2103 694 2191 πρὸς
718 2106 779 2196 [τὸ]
808 2113 840 2173 τί
862 2102 1062 2176 ὑποδέδεται
1082 2112 1129 2196 τῷ
1151 2111 1248 2197 δεξιῷ
1274 2107 1364 2195 [Δι’-

251 2213 384 2294 δυμος
413 2205 518 2275 οὑτω·
553 2205 637 2293 πρὸς
662 2214 695 2274 τί
718 2204 916 2275 ὑποδέδεται
935 2205 972 2274 τό
993 2207 1126 2289 ,δεξιόνς
1160 2214 1208 2288 τίς
1230 2205 1362 2292 ἐστὶνὴ

251 2312 383 2377 ἐπίνοια
403 2316 460 2396 τῆς
482 2306 583 2391 ὁδούς
606 2311 691 2399 ΙΝ]
721 2313 832 2376 Possis
853 2314 951 2377 etiam
971 2306 1061 2376 οὑτοι
1077 2309 1258 2396 Σύμμαχος
1277 2307 1363 2393 πρός

249 2411 305 2479 τό·
339 2409 423 2493 πρὸς
450 2418 483 2480 τί
502 2419 588 2496 κτλ,
624 2424 660 2478 ut
679 2413 894 2503 Symmachus
916 2417 1071 2503 impetum
1092 2414 1127 2479 in
1147 2407 1285 2502 Didymi
1307 2438 1361 2480 ex·

248 2517 436 2604 plicationis
457 2539 615 2582 conamen
638 2518 756 2581 fecisse
778 2517 915 2599 dicatur.
937 2504 940 2511 ¹
968 2517 1065 2582 Certe
1096 2517 1177 2582 haec
1208 2516 1362 2582 vocabuli

249 2618 334 2703 πρός
355 2619 549 2705 significatio
573 2619 728 2685 solemnis
750 2619 784 2681 in
804 2618 855 2682 his
876 2618 1020 2684 scholiis.

783 2774 833 2835 36.

335 2870 419 2957 1061Ι
439 2893 561 2977 (1062).
598 2886 826 2974 προτιθεὶς
848 2877 940 2954 σύν·
971 2891 1173 2975 Δίδυμος,
1206 2897 1361 2972 τοιοῦτος

247 2991 311 3080 ἀήρ
332 2996 399 3058 ἐστι
420 2997 461 3078 τῇ
481 2996 524 3078 γῇ
544 2998 784 3077 περικείμενος,
808 2986 923 3076 ὅμοιος
942 3004 1063 3075 πνιχεῑ,
1086 2996 1271 3077 καθαπερεὶ
1287 3001 1360 3061 πιό-

247 3096 293 3180 μά
316 3120 347 3160 τι
370 3096 608 3178 περικείμενος.
644 3089 684 3157 τὰ
706 3092 742 3158 δὲ
763 3092 836 3176 ἑξῆς
856 3112 939 3176 φησι
962 3093 1186 3180 Σύμμαχος
1208 3098 1360 3183 ἐπίτηδες

248 3193 442 3280 ἀδιανόητα.

774 3322 825 3384 37.
1159 3352 1184 3392 ο

337 3416 426 3498 7112.
466 3428 570 3512 ὀξύν
594 3435 851 3517 ἱερακίσκον·
883 3473 923 3487 -
950 3432 1286 3520 Δίδυμος,,τοίχος
1312 3433 1360 3516 ὦς

246 3535 393 3619 ίίρακος,
415 3536 473 3600 ἵνα
494 3537 615 3621 ταχέως
637 3536 741 3624 φύχη.

331 3813 421 3873 1113.
457 3811 774 3893 πρηγορεῶνας·
804 3814 929 3891 κυρίως
955 3813 1025 3875 τόν
1046 3804 1198 3892 ὀρνίθων
1219 3804 1237 3874 ὁ
1257 3809 1360 3893 λεγό-

244 3931 345 3990 μενος
363 3909 529 3994 πρόλοβος
550 3948 593 3960 —
608 3907 752 3993 τροφήν.
797 3913 987 3994 Δίδυμος
1005 3912 1061 3994 δέ,
1089 3908 1168 3988 τούς
1189 3908 1358 3996 βράγχους

244 4013 313 4074 τῶν
335 4004 480 4093 ὀρνέων,
514 4006 595 4087 τούς
623 4012 825 4092 λεγομένους
845 4008 1054 4096 προλόβους,
1086 4006 1138 4077 ότι
1161 4012 1357 4096 συλλέγεται

245 4110 282 4173 ἐν
309 4105 423 4187 αύτοῖς
447 4107 487 4174 τὰ
508 4117 575 4175 σιτί
598 4159 605 4173 .
651 4110 779 4193 λέγεται
799 4108 836 4176 δὲ
860 4112 914 4176 καί
934 4112 987 4178 ἐπὶ
1010 4107 1205 4194 ἀνθρώπων
1227 4137 1357 4198 πρηγο-

243 4208 332 4291 ρειδν
353 4208 454 4276 πόλιν
477 4206 495 4273 ὁ
517 4208 671 4295 βρόγχος.
705 4211 864 4294 ἑκάτερον
885 4212 922 4277 δὲ
943 4208 1009 4279 ἆπδ
1032 4219 1096 4279 τού
1116 4220 1358 4297 συναθροίζειν

243 4307 313 4371 ἐκεῖ
329 4306 393 4392 τὴν
411 4309 550 4395 τροφήν.
596 4311 672 4376 vid.
696 4314 760 4378 lex.
785 4335 867 4378 com.
890 4336 921 4399 p.
948 4319 998 4378 79.
