2932 5002
1177 420 1236 483 361

126 594 231 674 θῆναι
259 591 325 654 ἔσω
356 588 393 654 ἐν
420 591 466 674 τῷ
493 590 564 675 ναῷ
593 591 655 651 τοῦ
681 581 767 664 Διός
792 580 876 668 πρὸς
903 581 1011 669 τιμήν.
1058 587 1093 651 oc
1112 581 1149 650 δὲ
1168 579 1238 669 μετ’

127 687 235 756 αῦτοῦ
257 687 500 767 ἀποσταλέντες
522 685 722 772 ποιήσαντες
743 682 834 776 αῦτῷ
860 684 966 770 σορὸν
988 688 1118 771 ἔθηκαν
1134 683 1241 752 αῦτόν

127 789 372 875 ἐπιγράψαντες
388 792 425 856 ἐν
448 785 558 877 αὐτῷ·
606 793 720 872 Τρῦος
742 786 900 874 βασιλεῦς
919 784 1026 866 Ἀσίας
1047 784 1114 855 σῦν
1135 793 1241 877 θυσίᾳ

128 890 188 960 τόν
210 893 360 960 ἐνταῦθα
384 897 539 977 κείμενον
559 891 767 976 Γανυμήδην
788 888 866 956 νίόν
888 885 996 956 αῦτοῦ
1014 886 1154 957 ἀνέθετο
1170 893 1240 956 Διί.

129 996 286 1062 τοῦτοδὲ
308 989 500 1079 ἐποίησενὸ
523 991 693 1070 Τάνταλος
714 989 800 1079 πρὸς
821 990 1009 1076 θεράπειαν
1034 997 1097 1058 τοῦ
1118 988 1243 1076 πατρός

127 1094 244 1163 αὐτοῦ.
295 1093 359 1162 οῦκ
388 1090 432 1181 ῆν
463 1093 527 1181 γάρ
561 1099 640 1175 ἔθος
664 1092 802 1180 Ἕλλησι
834 1095 980 1163 θάπτειν
1012 1098 1114 1162 ἔνδον
1147 1097 1243 1178 ίεροῦ

128 1206 227 1266 οίκου
257 1204 418 1278 λείψανον
446 1203 580 1284 θνητοῦ
608 1195 799 1283 άνθριόπου
826 1195 883 1265 διά
911 1197 948 1265 τδ
971 1195 1017 1284 μή
1040 1203 1244 1265 κοινοῦσθαι

128 1299 168 1369 τά
189 1310 277 1368 θεῖα.
321 1305 426 1368 ταῦτα
455 1302 493 1368 δὲ
515 1299 753 1388 συνεγράυατο
783 1296 801 1368 ὁ
833 1298 1029 1387 σοφώτατος
1055 1305 1243 1386 Δίδυμος

65 1481 68 1488 ,
129 1399 147 1470 ό
171 1401 337 1490 ἱστορικός
353 1404 598 1490 χρονογράφος.

672 1562 702 1624 3.

215 1678 329 1744 Ιοοαα.
361 1678 471 1744 ΜοΙοΙ.
501 1700 534 1764 p.
564 1680 622 1760 86,
648 1682 685 1741 17
723 1675 760 1741 ἐν
794 1669 910 1753 αῦτοῑς
939 1675 975 1742 δὲ
1009 1686 1078 1754 τοῖς
1111 1674 1246 1760 χρόνοις

128 1773 295 1863 Ἡρακλῆς
322 1774 341 1844 ὁ
365 1774 520 1863 τελεστὴς
548 1773 566 1844 ό
592 1772 753 1863 μυστικός
771 1773 902 1856 άθλους
923 1774 1064 1862 ποιήσας
1085 1773 1246 1845 άπελθοδν

132 1880 170 1945 ἐν
193 1884 233 1966 τῆ
261 1878 372 1967 Λιβύη
401 1879 493 1968 χώρᾳ
520 1883 685 1967 συνέβαλε
712 1885 759 1968 τῷ
786 1875 942 1947 Ἀντέωνι
969 1880 1025 1946 καί
1050 1875 1142 1968 αὐτῷ
1170 1876 1245 1948 ὄντι

132 1983 294 2067 μυστικῷ,
317 1983 473 2045 ποιοῦντι
491 1977 529 2047 δὲ
545 1978 644 2065 γήενά
659 2005 746 2065 τινα,
769 1979 825 2045 καὶ
839 1978 980 2065 νικήσας
995 1975 1100 2045 αῦτόν
1114 1974 1132 2046 ὁ
1144 1975 1246 2064 Ἡρα-

132 2085 214 2164 κλῆς
246 2079 435 2166 ἐφόνευσεν
464 2078 580 2149 αὐτόν.
630 2078 722 2161 ὅστις
749 2075 915 2167 Ἡρακλῆς
943 2076 1025 2167 μετά
1054 2076 1116 2167 τήν
1148 2086 1247 2168 νίκην

134 2180 224 2272 νόσῳ
243 2184 383 2268 βληθείς
402 2179 525 2250 ἑαυτόν
547 2187 593 2264 είς
615 2189 684 2267 πῦρ
705 2187 802 2271 ἔβαλε
823 2183 879 2249 καί
898 2181 1063 2250 ίτελεῦτα.
1106 2184 1182 2271 περὶ
1204 2175 1247 2249 οῦ

133 2281 359 2452 ΞίδνΙμοςό
385 2284 580 2372 σοφώτατος
601 2285 845 2371 συνεγράψατο.
871 2287 924 2353 Of.
947 2288 1124 2373 Augustin.
1145 2288 1183 2354 C.
1200 2288 1244 2352 D.

169 2389 237 2452 VII
276 2390 325 2452 12.

675 2510 707 2568 4.

220 2626 334 2692 Ioann.
357 2625 467 2691 Malel.
489 2627 608 2712 p.166,
627 2628 664 2688 14
689 2623 730 2688 de
750 2622 913 2688 Diomede
935 2645 1073 2688 narrans
1092 2621 1148 2687 καὶ
1166 2623 1249 2688 ἐπα-

136 2724 271 2793 νελθών
293 2724 376 2812 μετά
399 2725 461 2811 τῆν
483 2730 582 2810 νίκην
604 2729 663 2809 τῆς
682 2728 802 2810 Τροίας
820 2722 874 2789 ἐπί
892 2721 928 2789 τό
952 2727 1041 2791 ίόιον
1064 2721 1172 2790 αὐτοῦ
1186 2729 1249 2811 βα-

135 2832 263 2894 σίλειον
285 2823 348 2895 οῦκ
376 2828 497 2912 ἐδέχθη
519 2822 587 2895 ῦπό
610 2831 668 2912 τῆς
689 2828 775 2904 ίδίας
796 2825 925 2904 πόλεως
944 2819 965 2910 ῆ
985 2831 1043 2911 τῆς
1057 2823 1249 2912 συγκλήτου

135 2925 260 3016 αὐτοῦ,
293 2925 366 2996 ἀλλ’
399 2925 605 3013 ἀντέστησαν
635 2924 728 3016 αὐτῷ
760 2928 798 2993 ἐν
834 2928 976 3014 δυνάμει
1013 2933 1248 3013 πολεμοῦντες.

137 3028 260 3117 μαθών
282 3031 330 3116 δέ,
352 3027 404 3096 ότι
425 3026 446 3116 ῆ
467 3027 555 3116 γυνή
577 3025 684 3097 αῦτοῦ
706 3024 919 3115 ῆΑίγιάλεια
932 3028 1169 3110 κατασκευάζει
1185 3027 1249 3097 αῦ-

135 3138 181 3223 τηῦ
202 3131 372 3216 θάνατον,
403 3127 449 3210 ὡς
472 3139 702 3215 πορνευθετσα
730 3128 799 3199 ῦπό
823 3156 914 3211 τινος
938 3136 1165 3218 συγκλητικοῦ
1187 3126 1251 3198 αῦ-

136 3240 208 3320 τοῦ,
231 3229 322 3312 ὅστις
341 3234 396 3300 καί
418 3230 599 3299 ἀνθίστατο
623 3229 715 3323 αὐτῷ
736 3239 920 3321 κραταιός,
943 3231 1067 3322 ὁμοίιος
1087 3232 1123 3302 δὲ
1146 3231 1251 3301 άκοῦ-

137 3353 207 3421 σας,
231 3331 282 3401 ότι
306 3333 499 3420 ἐπορνεῦθη
521 3329 589 3402 ῦπὸ
612 3340 675 3403 τοῦ
698 3342 842 3423 Οίακος,
868 3340 949 3405 υίοῦ
970 3343 1033 3405 τοῦ
1057 3341 1249 3421 Ναυπλίου,

135 3441 256 3519 οἵτινες
283 3434 339 3505 διά
366 3433 428 3505 τόν
450 3435 535 3523 πρός
564 3434 672 3523 αῦτῆυ
693 3441 801 3522 ἔρωτα
826 3446 941 3530 πολλῷ
963 3440 1078 3506 σθένει
1107 3435 1251 3524 ἀντεμά-

137 3565 236 3625 χοντο
260 3536 363 3630 αὐτῷ,
384 3536 499 3618 καθώς
520 3533 538 3604 ὁ
561 3535 669 3624 σοφός
688 3544 880 3626 Δίδυμος
896 3541 1040 3625 ἐξέθετο,
1063 3560 1251 3626 προσεσχη-

138 3639 205 3719 κώς
224 3639 262 3706 δὲ
283 3636 301 3706 ὁ
325 3641 498 3726 Διομήδης
520 3637 600 3717 τοῦς
623 3635 790 3725 ἡγεμόνας
812 3644 867 3707 καί
892 3649 1004 3708 πᾶσαν
1019 3641 1081 3727 τήν
1094 3638 1253 3727 Ἀργείιυν

139 3740 252 3826 χώραν
266 3735 519 3824 άνθισταμίνην
539 3737 641 3828 αὐτῷ,
664 3736 708 3824 μή
725 3740 917 3826 δυνάμενος
933 3739 969 3808 δὲ
988 3740 1151 3811 ἀπελθεῖν
1169 3742 1252 3829 μηδὲ

140 3841 193 3909 ἐπί
222 3839 285 3925 τήν
307 3844 493 3926 Αίτωλίαν,
525 3837 588 3926 τήν
621 3843 711 3907 ίδίαν
743 3837 851 3909 αὐτοῦ
872 3848 1060 3930 βασιλείαν,
1087 3839 1132 3924 ὡς
1150 3843 1253 3924 λῦσας

139 3941 243 4029 αὐτῆς
272 3939 309 4010 τὸ
338 3945 527 4029 βασίλειον,
557 3941 800 4031 παραχωρήσας
827 3940 890 4029 τήν
917 3947 1007 4013 ίόίαυ
1027 3941 1132 4013 αῦτοῦ
1156 3952 1252 4034 βασι·
1379 3967 1385 3976 ·

139 4051 233 4113 λείαν
254 4041 489 4130 ἀπεχώρησεν,
512 4039 727 4123 ἀποπλεύσας
748 4045 802 4111 ἐπὶ
823 4042 885 4130 τῆν
904 4051 1106 4134 Καλαβρίων
1129 4045 1251 4133 χώραν.

139 4151 194 4214 καί
216 4151 315 4227 κτίζει
338 4144 439 4212 πόλιν
461 4146 532 4212 ἐκεῖ
551 4150 738 4232 παραλίαν,
761 4143 804 4232 ῆν
826 4144 1004 4234 ὠνόμασεν
1023 4145 1254 4235 Ἀργνρίππην

139 4248 204 4316 κτὲ.
251 4249 302 4316 Cf.
329 4249 506 4336 Augustin.
533 4250 573 4315 de
594 4250 631 4316 C.
654 4250 698 4315 D.
723 4251 845 4315 XVIII
867 4255 915 4317 16.

222 4351 385 4417 Videntur
407 4351 470 4416 hae
491 4350 624 4419 fabulae
647 4353 808 4420 adunam
831 4376 960 4438 omnes,
982 4375 1063 4445 quas
1084 4354 1251 4444 aequiores
