2932 5002
203 507 204 511 ,
229 425 292 488 aaa

230 609 319 656 σεων
344 593 412 676 egit
439 591 674 671 Aristoxenus,
707 589 784 668 περὶ
809 593 1052 673 Πυθαγορικῆς
1081 595 1290 672 φιλοσοφίας
1321 606 1354 656 et

231 691 307 772 περὶ
332 694 391 772 τῆς
418 690 584 771 διαφορᾶς
611 692 679 752 τῶν
700 682 765 770 Ἀρ.
789 687 845 753 καὶ
872 695 1009 773 Πνθαγ.
1040 691 1140 756 libros
1163 695 1352 778 composuit
1446 730 1451 743 ·

138 854 140 857 .
230 792 404 879 Didymus.
448 791 520 855 Iam
548 813 626 855 vero
648 791 690 855 ad
712 791 843 876 singula
867 795 963 855 etiam
990 796 1098 880 capita
1119 796 1278 880 procedat
1304 798 1351 858 in-

176 932 179 935 ·
231 897 363 960 stitutus
386 895 638 980 comparationis
659 893 750 958 ordo.
790 894 843 957 De
862 895 1036 958 seoliorum
1061 895 1259 983 etymologia
1283 897 1350 960 dis-

231 1008 347 1085 putare
379 996 520 1060 vidimus
544 996 725 1082 Didymum
764 998 805 1060 11.
839 998 874 1078 2,
915 997 1051 1061 eandem
1084 1000 1251 1062 materiem
1283 1009 1350 1061 tra-

230 1101 332 1164 ctavit
358 1099 577 1164 Aristoxenus
607 1121 639 1184 p.
672 1101 727 1161 181
770 1099 821 1162 ed.
859 1098 972 1161 Malm.
1024 1100 1171 1185 Mysonis
1208 1099 1349 1179 Chenai,

232 1203 325 1267 cuius
345 1202 542 1264 mentionem
565 1200 646 1264 lacit
667 1211 780 1264 noster
802 1202 835 1264 in
860 1224 965 1288 symp.
997 1203 1037 1265 l'r.
1059 1203 1089 1283 3,
1124 1200 1349 1264 Aristoxenus

230 1304 377 1369 meminit
398 1301 436 1366 ἐν
459 1312 528 1378 τοῖς
549 1298 725 1385 σποράδην
752 1327 784 1390 p.
811 1306 870 1366 1211
904 1304 1014 1367 Mahn.
1059 1302 1212 1367 Discedit
1234 1311 1347 1365 autem

192 1431 195 1436 ·
231 1411 265 1473 in
291 1405 353 1469 hoc
383 1403 423 1468 fr.
453 1426 473 1467 a
495 1403 642 1467 Platonis
670 1407 848 1487 sententia,
875 1406 966 1469 ouius
988 1405 1224 1489 malignitatem
1248 1405 1349 1466 casti-

230 1518 286 1594 gat
304 1508 523 1571 Aristoxenus
544 1506 578 1567 in
601 1508 842 1570 commentariis
864 1506 1027 1571 historicis
1040 1529 1072 1592 p.
1089 1507 1158 1569 113.
1182 1503 1235 1569 Cs.
1259 1525 1348 1590 quae

230 1610 318 1675 infra
346 1606 467 1672 dicturi
496 1628 607 1671 sumus
636 1607 677 1672 de
705 1607 806 1671 schol.
830 1607 915 1672 Plat.
938 1608 1042 1693 Legg.
1066 1631 1097 1694 p.
1122 1607 1195 1670 448.
1239 1604 1346 1668 Deni-

230 1735 293 1800 que
320 1711 555 1775 Aristoxenum
589 1717 717 1774 constat
751 1711 922 1796 scripsisse
957 1709 1032 1789 περὶ
1066 1708 1347 1794 τραγῳδοποιῶν,

231 1815 307 1898 περὶ
333 1807 489 1894 αὐλητῶν
515 1811 614 1898 inque
649 1811 727 1875 vitis
755 1813 955 1876 musicorum
984 1813 1081 1875 etiam
1108 1806 1345 1873 excellentium

230 1919 316 1983 vitas
349 1913 574 1994 enarravisse,
606 1936 634 1977 e.
665 1936 697 1998 g.
719 1911 872 1977 Telestis
906 1911 1080 1978 Selinuntii
1113 1933 1146 1996 p.
1179 1910 1221 1972 92
1246 1912 1278 1989 ξ.
1303 1911 1345 1972 26

229 2016 341 2082 Mahn.
399 2012 495 2094 Quod
526 2013 605 2076 mihi
637 2014 852 2100 perpendenti
887 2036 952 2078 uon
990 2013 1094 2077 solum
1127 2010 1346 2099 Symposiaca

229 2115 376 2201 Didymo
399 2111 615 2177 Chalcentero
645 2114 867 2179 abiudicanda
891 2115 1062 2197 videntur,
1086 2113 1145 2178 sed
1173 2112 1346 2179 volumina

230 2217 329 2281 ctiam
351 2211 427 2292 περὶ
446 2217 595 2293 λυρικῶν
623 2218 773 2298 ποιητῶν
791 2219 863 2282 sive
894 2213 971 2297 περὶ
999 2218 1162 2298 ποιητῶν,
1186 2214 1264 2278 licet
1287 2213 1345 2277 ob·

230 2325 317 2381 stare
345 2312 497 2377 videatur
524 2314 689 2401 Didymus
718 2339 770 2404 ap.
801 2318 902 2383 schol.
931 2318 1032 2381 Arist.
1059 2318 1148 2380 Avv.
1178 2318 1239 2379 217
1267 2315 1344 2380 coll.

230 2418 352 2483 Orione
384 2437 417 2502 p.
448 2418 506 2498 58,
535 2423 564 2481 7.
617 2417 709 2482 Haec
735 2419 904 2483 volumina
929 2420 1052 2504 passim
1081 2418 1194 2482 laudat
1224 2425 1267 2480 et.
1298 2439 1343 2479 m.

229 2525 307 2604 690,
334 2521 373 2583 35
403 2518 616 2607 (προσῳδίαι)
646 2525 723 2603 777,
753 2525 772 2584 9
804 2515 938 2606 (ὕμνος)
961 2521 1041 2585 Orio
1073 2524 1148 2603 155,
1175 2521 1216 2581 22
1240 2521 1301 2600 58,
1325 2524 1344 2581 7

228 2627 319 2686 -14
353 2621 495 2707 (ἔλεγος)
528 2629 570 2685 et.
594 2643 636 2685 m.
658 2624 772 2703 327,1
809 2631 852 2685 et.
878 2621 965 2687 Gud.
1000 2625 1082 2704 180,
1109 2626 1146 2686 re
1182 2619 1343 2706 (ἐλεγεῖα)

232 2724 332 2791 schol.
355 2723 439 2787 Plat.
459 2721 564 2808 Legg.
577 2726 638 2788 448
662 2722 718 2809 ((10
730 2722 931 2807 Theognidis
950 2724 1080 2811 patria),
1103 2746 1135 2810 q.
1152 2722 1174 2786 l.
1197 2723 1345 2786 animum

231 2827 373 2892 advertit
400 2822 690 2908 ἐπιφυόμενος
716 2827 762 2913 τῷ
789 2822 964 2909 Πλάτωνι,
1002 2827 1044 2890 cf.
1076 2825 1116 2889 sr.
1151 2828 1180 2888 3.
1235 2823 1344 2885 Accu-

231 2928 333 2992 ratius
355 2925 436 2990 haec
449 2948 628 3014 persequar
642 2927 676 2990 in
693 2936 863 2991 comment.
879 2927 1014 3012 Didym.
1029 2927 1078 2991 IV
1092 2930 1121 3008 9,
1134 2930 1164 2989 2.
1183 2927 1220 2987 12
1232 2948 1265 3011 p.
1279 2928 1344 2985 llll)

231 3030 367 3113 Didymi
398 3026 607 3092 Chalcenteri
642 3031 712 3093 sine
740 3033 964 3095 controversia
997 3028 1143 3094 scholion
1175 3035 1224 3090 est
1261 3025 1344 3087 Eur.

231 3131 331 3215 Hipp.
358 3132 419 3192 263
442 3129 508 3192 vol.
532 3128 562 3191 V
590 3152 621 3216 p.
645 3133 707 3194 439
730 3131 847 3195 Matth.
872 3132 912 3196 de
934 3142 1066 3197 auctore
1088 3125 1344 3216 apophthegma-

231 3234 273 3295 tis
303 3226 408 3313 μηδὲν
436 3226 532 3312 ἄγαν.
576 3230 622 3293 At
654 3230 685 3293 h.
716 3231 737 3296 l.
766 3234 909 3318 reperies
928 3242 1077 3296 auctores
1100 3232 1169 3295 eius
1191 3228 1344 3293 laudatos

232 3332 417 3413 Chilonem,
445 3330 621 3395 Sodamum
641 3332 835 3417 Tegeatam,
865 3333 1056 3421 Sisyphum,
1089 3328 1269 3395 Pittheam:
1303 3329 1345 3393 do

233 3434 352 3501 Solone
378 3455 457 3498 vero
486 3454 528 3496 ne
553 3455 616 3518 gry
644 3434 785 3521 quidem.
833 3436 885 3500 Cf.
915 3434 1016 3500 schol.
1040 3434 1137 3498 Hom.
1154 3430 1193 3495 Il.
1217 3435 1250 3495 K
1270 3433 1344 3495 249.

232 3536 348 3624 Neque
372 3534 613 3622 apophthegma
632 3532 757 3618 χαλεπὰ
777 3531 817 3601 τὰ
840 3535 935 3620 καλά,
958 3535 1045 3623 quod
1066 3534 1231 3620 Didymus
1247 3532 1345 3597 Chal-

232 3650 383 3705 centerns
404 3639 439 3701 in
460 3638 644 3724 proverbiis
666 3639 712 3724 (p.
725 3640 802 3727 398)
824 3648 908 3703 teste
931 3637 1032 3703 schol.
1055 3637 1097 3700 ad
1115 3635 1198 3699 Plat.
1217 3636 1344 3722 Cratyl.

232 3765 264 3828 p.
278 3743 382 3822 237,6
405 3736 517 3803 Saloni
539 3738 663 3823 tribuit,
685 3743 771 3804 inter
792 3740 1066 3828 apophthegmata
1084 3740 1154 3802 cius
1169 3737 1256 3823 apud
1272 3736 1345 3801 Sto·

232 3841 350 3907 haeum
362 3840 451 3905 Flor.
466 3838 488 3904 1.
499 3838 520 3903 l.
534 3850 680 3927 apparet.
696 3840 851 3906 Diximus
864 3842 906 3906 ad
915 3839 1102 3905 Heraclidis
1118 3840 1213 3903 etiam
1226 3840 1344 3923 patris,

234 3945 326 4008 cuins
348 3940 464 4025 λέσχας
487 3963 586 4028 supra
605 3945 717 4027 attigi,
744 3942 929 4029 exemplum
953 3942 1134 4028 Didymum
1156 3961 1192 4003 se
1213 3961 1346 4026 compo-

234 4045 339 4108 suisse
358 4043 465 4107 videri
483 4064 590 4129 posse.
618 4042 714 4123 Quod
730 4044 758 4106 si
770 4066 883 4108 verum
903 4045 1111 4124 coniecimus,
1127 4043 1268 4105 fortasse
1285 4041 1347 4105 Di—

234 4147 351 4231 dymus
371 4144 557 4209 Heraclidis
580 4144 667 4208 filius
688 4165 708 4206 a
729 4144 873 4234 Didymo
890 4145 1029 4210 Claudio
1052 4167 1117 4209 non
1141 4144 1349 4227 distinguen-

234 4249 295 4313 dus
318 4256 382 4329 est,
400 4249 435 4311 in
457 4269 522 4334 qua
541 4247 951 4334 sententichrnhardyus
974 4249 1073 4311 etiam
1095 4245 1137 4309 ad
1156 4245 1247 4309 Suid.
1271 4244 1288 4307 I
1314 4268 1347 4332 p.

237 4351 317 4412 1330
338 4350 441 4412 fuisse
464 4348 603 4430 videtur,
626 4348 864 4435 legendumque
879 4349 966 4435 apud
989 4345 1258 4433 lexicographum
1271 4347 1350 4412 ἐπι-
