2962 5024
568 423 757 496 ..ξ-

131 590 144 597 ’
189 592 241 653 30.
275 589 537 669 κεκληγιότες
564 585 619 651 καὶ
650 585 927 670 κεκληγόντες
948 590 1024 675 (οἱα)
1051 591 1151 671 διχιΞς
1180 592 1216 654 αἱ

100 687 352 774 Ἀριστάρχειοι.
374 689 414 768 Q.
437 688 563 774 (Harl.)
588 689 641 753 Cf.
664 713 687 772 μ
711 693 782 754 256.

190 810 240 870 35.
267 805 393 871 ‘Schoh
416 800 591 882 ἄλλυδις
613 801 734 890 άλλη,
759 818 791 872 et
813 831 849 885 ος
865 831 963 895 super
982 818 1031 892 η.’
1055 808 1215 873 Porsoex

104 910 197 974 Harl.
241 906 352 972 Voluit
374 910 476 993 igitur
493 911 604 973 nescio
624 911 698 996 quis
724 911 1001 997 (Aristophanes‘l
1031 912 1073 975 cf.
1096 912 1213 993 1385)

104 1008 249 1087 άλλυδις
261 1004 394 1085 άλλους.

189 1132 240 1191 65.
263 1126 329 1191 ἐπὶ
350 1128 476 1211 ἔργον
497 1124 610 1214 άέξη·
634 1124 852 1213 εὔμορφον
870 1123 982 1216 άέξη·
1006 1124 1215 1214 οὔτωςἈρί-

106 1246 256 1313 σταρχος.
278 1227 370 1293 Harl.

188 1329 284 1392 ?112.
308 1325 491 1413 σκύφος·
516 1332 682 1415 διχῶς...
705 1333 744 1396 Β.

191 1449 260 1510 135.
297 1452 336 1511 εί
352 1451 413 1525 τίς
435 1474 515 1514 τοι·
544 1454 691 1534 Διοκλῆς
712 1444 841 1516 desset·
873 1447 1035 1536 οὔτεγὰρ
1057 1445 1079 1536 ἡ
1101 1458 1214 1536 Πηνε-

106 1550 224 1621 λόπεια
251 1550 361 1617 πάντα
390 1545 634 1636 ἀμφιέννυσιν,
668 1546 750 1616 οὔδ’
775 1547 882 1631 οὕτως
908 1552 1016 1618 πάντα
1035 1550 1091 1618 διά
1115 1559 1215 1619 τοῦτο

108 1654 280 1738 ψεύδεται,
302 1649 459 1719 ἀλλὰκαὶ
481 1648 537 1717 διά
559 1652 669 1738 μόνην
694 1650 852 1732 πολλάκις
871 1653 1011 1740 τροφήν.
1033 1656 1074 1736 Q.
1110 1656 1215 1720 Dubi-

102 1755 210 1823 tanter
232 1757 351 1844 recepi.
367 1754 440 1820 -Sed
456 1755 601 1839 Diocles,
623 1759 650 1820 si
672 1781 692 1821 a
705 1756 915 1844 Tyrannione
934 1781 999 1823 non
1012 1757 1214 1842 distinguen-

104 1861 165 1924 dus
188 1869 252 1941 est,
285 1867 413 1945 poterat
437 1880 457 1921 a
477 1855 624 1943 Didymo
646 1857 805 1922 adhiberi.
848 1859 971 1922 Iterum
992 1857 1126 1923 Diocles
1149 1860 1214 1923 lau-

104 1961 237 2025 datura
263 1964 324 2024 457
348 1961 384 2023 N
406 1960 465 2022 103
488 1962 520 2022 X
538 1960 610 2022 208.

191 2064 261 2125 162.
288 2063 356 2124 188.
381 2063 453 2122 495.
477 2058 565 2122 Malo
589 2061 776 2125 Aristonico
798 2060 951 2126 tribuere.
974 2060 1017 2125 H.

195 2168 265 2227 171.
288 2159 479 2243 Ζηνόδοτος
499 2171 643 2226 κεῖνον
664 2165 747 2245 μέν.
771 2162 864 2227 Harl.
880 2169 945 2251 ‘pro
963 2161 1068 2249 ὅρκον
1088 2166 1159 2247 μέν.

194 2269 263 2329 176.
288 2260 381 2327 οὔτι
402 2259 559 2346 χέρεια,
581 2256 689 2341 οὕτως
700 2259 919 2348 Ἀρίσταρχος.
953 2264 1047 2330 Harl.
1069 2265 1213 2352 Hesych.

104 2389 177 2431 cunr
199 2365 289 2449 vulg.
312 2362 426 2427 scholl.
450 2366 622 2429 consentit.

191 2485 263 2546 204.
287 2485 535 2564 Καλλίστρατος
555 2482 593 2546 έν
614 2486 654 2567 τῇ
672 2481 708 2546 έκ
731 2485 907 2548 Μουσείου
931 2483 1017 2569 (cod.
1031 2505 1091 2565 ιον,
1106 2483 1159 2546 vel
1173 2494 1213 2569 ω)

106 2583 280 2666 Κάστωρ
303 2582 386 2667 φησὶ
409 2579 612 2667 γεγράφθαι.
636 2582 728 2647 Harl.
758 2584 873 2670 ltaque
894 2586 927 2647 in
948 2583 1024 2647 aliis
1047 2582 1140 2647 libris
1161 2585 1215 2648 vel

107 2683 257 2768 Μάστωρ
276 2686 339 2750 suit
358 2678 617 2768 νοΓΚάστορος.
633 2723 673 2730 -
692 2684 779 2764 Quid
800 2684 972 2748 Lehrsium
994 2686 1215 2766 commoverit,

105 2796 140 2851 ut
166 2789 200 2850 in
220 2789 323 2851 Arist.
347 2809 379 2872 p.
404 2790 444 2851 30
473 2795 540 2851 not.
569 2786 736 2872 scripserit
772 2784 875 2847 ‘haec
896 2784 1061 2848 adnotatio
1079 2784 1216 2872 Didymi

105 2910 170 2952 non
200 2898 268 2970 est;
302 2896 352 2952 est
381 2887 522 2951 fortasse
550 2886 729 2950 Aristonici
756 2885 813 2972 (cf.
836 2890 870 2949 Σ
889 2885 943 2971 36)
953 2893 976 2968 ²,
1009 2887 1135 2949 nescire
1163 2909 1215 2949 me

105 2988 220 3054 fateor.
715 2994 718 3001 “

192 3092 264 3173 231.
287 3091 361 3155 καί
377 3112 467 3174 μοι·
488 3085 678 3173 Ζηνόδοτος
699 3089 769 3152 καί
788 3103 901 3169 σφιν.
924 3086 1018 3152 Harl.

190 3193 263 3256 280.
296 3185 481 3276 ἡΑίολιιιη
510 3190 548 3269 ές
575 3192 732 3274 δίφρον
759 3182 791 3253 δ’
823 3183 992 3273 άνέσας,
1022 3182 1212 3272 άναγαγών.

105 3293 198 3358 Harl.

192 3414 265 3476 295.
281 3405 408 3489 Ῥιανός
427 3372 775 3496 φησιδέφέσσατο,
798 3407 988 3493 Ζηνόδοτος
1005 3408 1213 3492 ἐφείσατο.

29 3534 33 3543 ’
106 3512 199 3576 Harl.

194 3614 267 3675 317.
285 3605 412 3686 Ῥιανός
433 3609 556 3694 γράφει
579 3606 736 3694 άπριάδ
744 3637 806 3697 ην.
830 3609 922 3674 Harl.

193 3711 266 3773 326.
289 3706 590 3775 &retorserat
613 3708 743 3777 τόσσα
765 3708 864 3794 εἶχον.
887 3709 981 3772 Harl.

193 3810 265 3872 328.
289 3807 505 3894 ίπακοόση
522 3805 749 3895 Ἀρίσταρχος,
773 3807 1015 3891 Ἀριστοφάνης
1033 3806 1217 3872 ἐπακοῦ-

108 3926 187 3974 σαι.
209 3908 302 3973 Harl.
337 3910 435 3974 Vina
461 3913 531 3974 133.
566 3911 649 3977 Cum
670 3910 888 3998 Aristophane
905 3917 1036 3973 nostrae
1058 3909 1217 3973 editiones

109 4011 244 4094 faciunt,
264 4011 329 4075 nisi
351 4012 439 4097 quod
456 4005 640 4076 ἐπακούσαι
654 4018 743 4074 recte
757 4011 919 4075 accinunt.
942 4007 1070 4072 Nauck.
1086 4031 1118 4095 p.
1131 4012 1169 4071 41
1187 4031 1217 4070 n.

109 4114 291 4199 suspicatur
313 4112 566 4198 Aristophanem
590 4111 728 4175 fortasse
747 4106 807 4194 η’δέ
827 4131 887 4196 pro
905 4103 996 4192 όφρα
1017 4107 1216 4174 exhibuisse.

192 4231 264 4292 331.
290 4223 587 4292 ἀποσπένδων·
610 4222 718 4305 οὕτως
730 4229 952 4311 Ἀρίσταρχος,
974 4229 1009 4292 ol
1027 4225 1064 4291 δὲ
1084 4226 1218 4301 Αἰολεῖς

108 4326 387 4392 ἐπισπένδων.
408 4326 500 4391 Harl.
524 4327 624 4392 Vind.
651 4328 720 4390 133.
