2932 5002
1221 406 1282 467 395

173 577 292 657 σοφῶν
321 567 370 638 ῶν
399 583 431 638 et
454 596 479 638 s.
504 598 536 639 v.
560 569 698 638 Σόλωνι
727 575 795 636 ἔστι
818 568 855 636 δὲ
874 570 941 635 καί
964 559 1086 646 οὗτος
1111 562 1158 647 εἷς
1179 572 1247 634 τῶν
1269 573 1286 649 ζ

172 670 429 759 ὀνομαζομένων
451 678 585 759 σοφῶν,
608 697 715 762 neque
739 673 886 758 intellegi
906 681 1053 760 possunt,
1076 672 1140 737 nisi
1163 695 1206 737 ex
1219 695 1284 737 sm-

173 777 277 864 pliore
299 778 441 865 quodam
463 800 561 866 opere
580 778 752 863 desumpta
773 783 880 864 putes.
923 774 1035 839 Affine
1049 784 1125 858 est,
1147 776 1234 862 quod
1257 798 1283 840 s.

175 903 205 943 v.
232 874 377 961 Ἀλκμοίν
405 879 524 964 legitur
552 880 621 944 ἔστι
650 877 686 942 δὲ
710 876 777 941 καί
804 875 917 958 ἕτερος
937 869 1097 959 Ἀλκμάν,
1125 867 1183 953 είς
1206 879 1286 940 τῶν

176 983 375 1064 λυρικῶν,
405 973 447 1044 δν
469 975 613 1064 ἤνεγκεν
634 974 654 1063 ἡ
679 973 854 1063 Μεσσήνη.
899 979 992 1043 Haeo
1010 978 1158 1064 profecto
1182 978 1285 1064 suspi-

175 1084 303 1148 cionem
324 1090 456 1147 movent
484 1080 752 1167 lexicographum
780 1080 947 1146 volumine
970 1080 1110 1167 quodam
1133 1079 1208 1159 περὶ
1230 1084 1286 1142 λο-

176 1187 282 1267 ρικῶν
308 1186 457 1265 ποιητῶν
491 1185 609 1248 emisso
637 1205 733 1247 usum
758 1205 840 1247 esse.
893 1183 1008 1269 Neque
1045 1182 1150 1244 omitti
1180 1180 1286 1263 debet,

176 1285 262 1372 quod
284 1284 363 1349 loeis
387 1283 551 1350 nonnullis
579 1293 692 1349 auctor
713 1286 854 1349 vitarum
877 1283 1185 1371 Pythagoricos
1209 1282 1287 1345 sori-

173 1396 283 1474 ptores
302 1387 459 1473 sequitur,
481 1394 517 1450 ut
536 1408 562 1450 s.
579 1411 612 1450 v.
627 1380 772 1471 Ἀλκμάν
788 1386 968 1474 Archytam
983 1407 1035 1471 op.
1053 1383 1287 1449 Chamaeleon·

173 1498 239 1552 tem
251 1487 412 1551 Athenaei
425 1488 513 1551 XIII
536 1512 568 1575 p.
582 1494 644 1553 600
657 1491 695 1572 F,
718 1513 744 1553 s.
768 1512 800 1553 v.
824 1491 959 1564 Λᾶσος
979 1487 1215 1552 Aristoxenum
1232 1508 1284 1572 ap.

173 1589 274 1673 Diog.
308 1589 387 1653 L.I
416 1612 448 1675 p.
471 1591 511 1651 27
539 1589 670 1654 Huebn.
702 1589 840 1675 (Bergk.
873 1611 949 1654 exx.
989 1589 1075 1651 oritt.
1106 1588 1156 1653 VI
1188 1612 1221 1674 p.
1250 1605 1287 1650 vl

175 1691 315 1779 Roeper.
339 1690 499 1753 Zeitoohr.
524 1691 548 1755 f.
572 1691 659 1757 AW.
689 1694 770 1757 1852
791 1716 823 1779 p.
840 1691 918 1777 454)
942 1699 975 1756 et
994 1689 1240 1753 Aristarcheum
1252 1713 1288 1754 se

175 1787 284 1878 prodit
320 1790 484 1857 Crotetem
520 1795 686 1878 castigans
730 1816 756 1857 s.
786 1816 819 1857 v.
846 1787 1008 1876 Ἀλκμάν·
1048 1785 1131 1856 κατὰ
1160 1789 1197 1855 δὲ
1226 1788 1288 1855 τὸν

89 1949 100 1965 .
177 1887 333 1975 Κράτητα
356 1898 560 1959 πταίοντα
591 1894 693 1982 (quod
716 1894 910 1961 vocabulum
932 1916 997 1959 non
1019 1902 1090 1958 eret
1110 1916 1169 1958 our
1188 1915 1288 1958 vexa·

174 2003 225 2057 ret
237 1994 441 2080 interpretes,
465 1997 508 2060 of.
530 1997 631 2062 schol.
644 1998 686 2062 V.
711 1997 807 2063 Hom.
821 1997 860 2061 Il.
877 2000 978 2061 r307
1000 1995 1106 2060 schol.
1119 1994 1288 2083 Aristoph.
1416 2064 1419 2069 ,

174 2095 280 2160 Rann‘.
305 2098 413 2181 1469).
748 2183 761 2269 )

258 2297 423 2363 Addimus
443 2299 475 2363 h.
498 2301 537 2383 l.,
559 2323 601 2364 ne
624 2301 704 2388 quid
727 2303 886 2367 omisisse
898 2302 1078 2382 videamur,
1101 2300 1288 2384 grammati·

174 2420 248 2462 cum
272 2400 347 2480 περὶ
369 2405 520 2482 λυρικῶν
539 2424 591 2488 ap.
611 2402 804 2466 Boissoned.
827 2401 965 2466 aneodd.
987 2402 1045 2466 Gr.
1070 2402 1119 2465 IV
1137 2423 1170 2486 p.
1184 2403 1245 2464 458
1269 2421 1287 2463 e

175 2500 247 2564 cod.
278 2502 377 2581 2551,
415 2523 511 2587 quem
541 2502 646 2565 editor
672 2502 816 2588 Didymo
842 2524 937 2566 usum
973 2524 1045 2567 esse
1084 2502 1286 2587 suspicatur:

176 2598 309 2684 λυρικοὶ
342 2601 381 2665 δέ
414 2603 498 2665 εἰσιν
531 2591 644 2667 ούτοι·
675 2595 836 2687 Ἀλκμάν,
870 2604 1092 2685 Στησίχορος,
1127 2595 1286 2684 Ἀλκαῖος,

166 2695 316 2787 Ἴβυκος,
350 2699 555 2787 Ἀνακρέων,
596 2704 804 2787 Σιμωνίδης,
841 2693 1028 2788 Πίνδαρος,
1067 2705 1285 2786 Βακχυλίδης.

176 2797 267 2867 ούτω
294 2803 331 2867 δὲ
353 2802 682 2890 προσηγορεύθησαν
705 2802 761 2869 διὰ
782 2801 819 2869 τδ
842 2802 926 2889 πρὸς
952 2803 1061 2888 λύραν
1081 2798 1224 2890 ᾅδεσθαι
1247 2799 1286 2869 τύ

176 2901 343 2987 ποιήματα
364 2900 486 2969 αὐτῶν.
533 2901 585 2970 διδ
613 2909 667 2972 δεῖ
690 2911 794 2972 ταῦτα
816 2901 898 2990 παρ’
926 2899 1041 2984 αὐτοῖς
1072 2907 1159 2993 (sio).
1204 2905 1286 2989 μέλη

176 3005 212 3070 δὲ
241 3000 281 3069 τὰ
304 3005 340 3068 έν
363 3001 478 3084 αὐτοῖς
505 3001 580 3090 ῆτοι
602 3005 657 3073 διὰ
680 3004 717 3074 τδ
741 3003 807 3072 ἀπὸ
829 3011 966 3074 τελείων
987 3004 1205 3091 ἀφαιρεῖσθαι
1227 3008 1288 3091 με’-

176 3131 281 3190 τρων,
305 3102 443 3190 καὶγὰρ
467 3101 560 3192 ἡμεῖς
580 3105 621 3174 τὰ
645 3103 710 3174 ύπδ
733 3115 870 3175 τελείων
892 3103 1128 3194 ἀφαιρούμενα
1155 3111 1287 3195 μέτρων

176 3207 258 3291 μέλη
287 3213 473 3294 καλοῦμεν,
502 3201 524 3293 ἢ
552 3204 617 3274 ἀπὸ
640 3211 756 3288 Μέλας
780 3213 901 3298 (Boios.
924 3236 1006 3278 corr.
1031 3218 1175 3297 Μελίας,
1194 3215 1287 3278 cuius

174 3312 322 3377 meminit
351 3312 504 3400 Apollod.
533 3312 621 3377 Bibl.
650 3313 685 3376 II
712 3315 800 3400 init.)
829 3317 891 3378 τοῦ
912 3308 1075 3380 Ὠκεανοῦ
1104 3311 1288 3399 θυγατρός,

175 3409 266 3478 καθὰ
293 3419 463 3492 Λυσανίας
491 3417 614 3497 φησίν,
648 3407 669 3498 ῆ
694 3411 774 3500 παρ’
803 3411 886 3480 ὅσον
919 3415 1026 3499 μέλιτι
1053 3420 1288 3499 παραπλησίαν

175 3517 240 3598 ἔχει
260 3513 322 3599 τῆν
342 3510 479 3599 ἡδονῆν.
530 3515 671 3580 δύναται
701 3515 737 3582 δὲ
768 3514 823 3581 καὶ
845 3509 901 3582 διὰ
923 3513 960 3581 τό
984 3519 1117 3599 κροῦμα
1136 3510 1206 3603 ᾠδὴ
1231 3514 1287 3580 καὶ

175 3616 274 3698 μέλος
299 3611 487 3698 ὁμωνύμως
516 3616 684 3699 λέγεσθαι.
730 3618 784 3682 καί
812 3620 904 3681 κῶλα
932 3618 968 3681 δὲ
994 3612 1134 3700 ὁμοίως,
1171 3612 1286 3700 έπειδῆ

176 3711 221 3798 μῆ
244 3706 372 3779 τέλειόν
397 3715 466 3779 ἐστι
488 3713 621 3798 μέτρον.
667 3719 735 3780 τῶν
762 3717 798 3781 δὲ
822 3712 920 3803 ᾠδῶν
943 3718 979 3782 αί
997 3717 1060 3802 μέν
1088 3720 1151 3783 είσι
1180 3714 1286 3801 μονό-

175 3834 334 3899 στροφοι,
356 3817 392 3880 αί
410 3813 447 3881 δέ
467 3818 643 3897 τριαδικαί.
687 3814 742 3881 καί
764 3814 993 3903 μονόστροφοι
1016 3818 1078 3904 μὲν
1099 3819 1136 3884 αί
1147 3823 1290 3900 Σαπφοῖ

176 3917 231 3992 καὶ
251 3911 389 4006 Ἀλκαίφ
412 3916 467 3981 καὶ
485 3911 697 3999 Ἀνακρέοντι
722 3914 777 3983 διδ
801 3922 905 4002 τριῶν
927 3911 948 4003 ἢ
970 3919 1144 4003 τεσσάρων
1166 3918 1286 3986 κοίλων

175 4015 367 4103 ὡρισμένην
397 4020 532 4103 ἔχουσαι
564 4016 625 4104 τῆν
650 4020 852 4087 κατάστασιν
890 4020 945 4085 καί
974 4017 1041 4087 sind
1075 4027 1287 4107 περιγραφῆς

175 4118 420 4206 διειργομεναι,
452 4122 618 4204 τριαδικαὶ
646 4121 683 4188 δὲ
718 4125 755 4188 αί
777 4127 985 4188 συνεστῶσαι
1014 4126 1051 4190 ἔκ
1074 4147 1109 4189 τε
1136 4129 1286 4208 στροφῆς

175 4221 229 4287 καί
251 4217 482 4307 ἀντιστρόφου
511 4223 565 4288 καὶ
594 4222 737 4312 έπφδού.
783 4226 939 4308 κέκληται
961 4220 997 4289 dl
1022 4220 1125 4309 ἡμὲν
1143 4223 1285 4309 στροφῆ,

175 4323 265 4388 καθά
288 4342 371 4408 φησι
391 4331 598 4411 Πτολεμαῖος
626 4325 664 4391 έν
683 4330 729 4416 τῷ
749 4325 824 4409 περί
846 4330 1000 4411 στατικῆς
1021 4324 1204 4412 ποιήσεως,
1230 4323 1286 4395 διὰ
