2962 5024
601 398 794 458 -11-
1199 395 1258 456 197

228 540 279 601 41.
312 530 335 619 ἥ
362 532 409 618 ῥά
437 530 485 601 οὖ
517 533 662 622 άχλόν·
696 539 935 625 Ζηνόδοτος”
913 571 933 630 η
956 564 1106 631 σφισιν
1126 550 1258 639 άχλόν

142 633 284 721 γράφει,
318 631 382 702 οὐκ
405 627 453 703 εὖ.
477 634 573 702 έν
536 663 599 723 γαρ
621 652 690 719 τοῖς
714 641 787 726 ἑξῆς
810 648 901 732 (143)
925 652 1044 731 φησίν·
1067 652 1138 717 καὶ
1160 653 1255 722 τότε

142 737 190 821 δή
219 733 252 822 ῤ’
283 732 429 817 αὐτοῖς
457 741 581 820 (οἰοΡ.
599 741 643 807 Η.
662 761 721 830 pro
745 739 877 831 αὐτοῖο)
902 744 1028 814 πάλιν
1056 750 1155 836 χύτο
1182 757 1256 821 δέ·

142 834 411 924 σφατοςάήρ.
456 840 635 908 Ducntzer.
658 847 757 929 p.o3.

227 944 277 1004 74.
302 931 598 1058 αδχαριέστεραι
576 938 693 1028 ησιτ’
708 935 754 1010 εὖ
770 949 985 1034 φρονέῃσι.
1005 953 1253 1041 πρεπῶδεςγόιρ

141 1033 227 1127 αντη
254 1037 312 1119 τὰς
339 1035 424 1126 waic
451 1037 531 1120 τούς
554 1038 681 1128 ἄνδρας
710 1048 823 1131 ἔριδας
844 1047 998 1117 oratam
1020 1063 1091 1131 ταις
1112 1060 1253 1176 γρναιει.

141 1136 467 1227 όπερβιβαστέονδέ
490 1140 601 1208 καὶ
566 1168 628 1211 τον
650 1152 721 1213 καί
744 1137 856 1235 ᾗσιτ’
879 1174 919 1216 εν
908 1141 1148 1240 τιφρονέησι
1114 1179 1154 1221 τα
1169 1153 1253 1242 πρός

139 1239 220 1320 τούς
241 1238 367 1362 ἄνδρας
389 1246 501 1308 νείκεα
523 1242 607 1310 λόει.
631 1248 668 1312 Ρ.
690 1249 730 1313 Β.
750 1248 790 1330 Q.

224 1346 275 1409 80.
301 1338 546 1411 ὑποτοπεόεται
575 1343 690 1435 (sic)
676 1373 693 1413 ο
720 1347 832 1436 τόπος,
860 1345 906 1429 ὥς
932 1352 987 1418 καὶ
1005 1357 1127 1440 Χαϊρίς
1153 1357 1250 1443 (corr.

137 1446 294 1529 Bocckh.3
306 1446 401 1512 codd.
414 1444 528 1531 Χάρης
538 1449 592 1513 vel
604 1447 723 1538 Χάρις)
736 1469 841 1535 φησιν
852 1453 889 1518 ἐν
902 1455 1147 1538 διορθωτικοῑς.
1159 1458 1203 1522 Η.
1212 1460 1249 1524 Ρ.

226 1551 295 1612 149.
319 1542 425 1625 ὅντως
445 1553 548 1636 (recte
569 1552 662 1616 Pors.
684 1546 806 1640 οὕτως)
830 1553 1099 1637 ἐπιτρέψειεν
1114 1559 1151 1629 αδ
1161 1553 1250 1644 Ἀρι-

137 1645 295 1731 στάρχον.
318 1650 356 1713 Ρ.
377 1650 421 1714 Η.

224 1754 293 1814 199.
318 1749 355 1814 ἐν
379 1759 448 1826 τοῖς
461 1744 687 1835 Ἀριστάρχοις
706 1752 782 1839 (εἰσ)
802 1747 890 1818 κατ’
910 1749 1114 1840 οὐρανόν,
1136 1749 1249 1861 [1νή

136 1855 206 1916 τῶν
229 1849 312 1916 κατὰ
335 1847 395 1916 τόν
416 1844 592 1939 οὐρανόν].
615 1852 653 1916 Ρ.

220 1956 293 2017 215.
328 1953 554 2034 δορπῆσαι·
600 1952 637 2015 ἐν
662 1969 729 2017 τισι
763 1952 927 2038 γράφεται
958 1954 1246 2040 δειπνῆσαιδ

136 2048 233 2118 οὕτω
254 2048 339 2118 δέ”
310 2076 382 2136 ωρα
397 2045 461 2115 οὐκ
476 2045 625 2135 άρίστον.
649 2053 719 2117 Pal.
742 2054 874 2141 Recepi,
897 2056 984 2141 quod
998 2079 1041 2120 cx
1054 2079 1116 2121 usu
1131 2058 1245 2125 acholl.

134 2156 218 2219 Vcn.
251 2154 292 2220 Il.
325 2153 368 2218 ad
396 2154 435 2217 ἐν
463 2168 530 2217 τισι
558 2153 820 2220 subaudiendum
847 2165 897 2220 cst
937 2149 1153 2241 ὑπομνήμασι
1193 2163 1247 2224 vel

57 2272 62 2277 ’
136 2260 203 2320 τῶν
225 2250 486 2339 ὑπομνημάτων.
509 2254 618 2319 Schol.
642 2255 712 2319 Pal.
736 2255 852 2339 voluit,
875 2256 910 2319 ni
932 2254 1030 2322 fallor
1058 2260 1244 2343 δειπνῆσαι.

135 2355 266 2442 δόρπον
288 2353 322 2423 δ’
346 2352 442 2422 οὕτω
463 2349 534 2439 άρα
557 2351 636 2420 οὔτε
658 2351 808 2439 άρίστου.
846 2356 897 2421 Of.
920 2379 940 2420 κ
966 2361 1035 2422 116.

223 2458 308 2546 [217.
330 2454 520 2541 Ζηνόδοτος
534 2455 577 2521 έο
593 2451 727 2540 γράφει,
748 2451 829 2521 άντὶΙ
838 2459 900 2520 τοῦ
916 2455 1045 2540 ἑαυτῆς.
1069 2460 1106 2523 Ρ.
1132 2460 1244 2526 ‘Pora

135 2584 177 2626 ex
191 2560 285 2625 Harl.
308 2557 517 2642 εΖηνόδοτος
532 2555 581 2621 ἕο..
601 2559 698 2622 Anne
713 2557 771 2620 alii
785 2556 940 2642 legebant
955 2555 1098 2622 έθεν2”
1121 2560 1243 2625 Buttm.

132 2686 165 2750 p.
191 2665 262 2728 264.
298 2660 374 2725 Non
394 2660 526 2726 accedo.
562 2658 631 2723 Alii
651 2656 804 2742 legebant
824 2655 1000 2721 ἐκέλευσέν
1022 2655 1066 2721 έο.
1105 2657 1157 2722 cf.
1178 2660 1244 2725 Hc·

133 2763 224 2850 aych.
249 2760 294 2827 ἕο.
318 2761 473 2826 Scholion
495 2783 538 2825 ex
559 2759 750 2824 Herodiano
771 2759 877 2822 fluxit.
904 2757 957 2823 cf.
975 2759 1084 2824 Bekk.
1106 2761 1243 2827 anccdd.

132 2865 184 2930 III
205 2888 236 2952 p.
263 2868 353 2928 1145.
376 2866 406 2927 6.
429 2862 609 2926 Ducntzcr.
631 2862 715 2925 coni.
738 2858 798 2925 ἑοῦ
815 2884 847 2947 p.
868 2862 932 2949 58.]

217 2967 288 3029 221.
321 2959 651 3046 ἐνιπλήσασδαι·
683 2955 768 3043 αὕτη
795 2962 909 3045 μέντοι
932 2963 1191 3048 ποιητικωτέρα,
1221 2958 1243 3049 ἡ

132 3068 169 3133 δὲ
195 3062 413 3151 Ἀριστάρχου
442 3065 753 3148 ἐμπλησθῆναι.
782 3062 820 3135 P·
844 3063 887 3128 Η.
916 3067 989 3129 222.
1010 3067 1068 3128 251
1104 3064 1243 3131 fortasse

130 3170 317 3234 Aristonico
339 3167 507 3233 dabamus.

216 3274 288 3335 235.
329 3270 370 3333 In
398 3268 511 3334 verbis
541 3269 611 3334 Pal.
646 3267 747 3333 schol.
775 3261 888 3345 Ἰακοῖς
922 3263 960 3332 τό
987 3268 1109 3344 τεῦξε
1139 3267 1242 3334 latent

130 3374 274 3457 vestigia
293 3370 440 3460 Didymi,
462 3380 499 3436 ut
520 3372 555 3434 in
576 3370 645 3434 Pal.
669 3368 712 3433 ad
733 3372 795 3434 250
818 3367 1007 3451 ἐκέασσε,
1040 3368 1140 3449 διχῶς
1161 3367 1192 3432 h.
1210 3391 1239 3432 a.

130 3473 185 3538 καὶ
206 3473 341 3538 ἐκέασσε
364 3470 419 3536 καὶ
442 3470 610 3536 ἐκέδασσε.
646 3470 712 3535 Sed
734 3469 812 3557 quid
835 3468 898 3532 cibi
920 3465 1023 3531 velint
1035 3467 1146 3531 verba
1167 3467 1239 3532 Pal.

130 3574 231 3638 schol.
259 3569 296 3637 τὸ
325 3572 361 3636 δὲ
385 3572 602 3654 περιέχενε
630 3573 731 3654 διχῶς
763 3592 828 3635 non
851 3570 1012 3653 expiacor.
1035 3565 1178 3652 Ambigo
1199 3567 1240 3632 de

130 3676 201 3737 301.
226 3674 263 3735 Ρ.
279 3671 330 3740 Η.

215 3775 287 3837 289.
327 3769 477 3836 δύσετο
507 3767 539 3836 δ’
569 3766 724 3853 ἠέλιος·
758 3771 805 3845 εἰς
832 3765 934 3833 δύσιν
960 3766 1119 3842 ἐκλίηετο.
1150 3759 1240 3848 ’Aci-

128 3891 270 3956 σταρχος
285 3868 408 3956 γράφει
430 3872 611 3953 δείλετο,
633 3865 653 3933 6
676 3869 767 3933 ἐστιν
788 3870 835 3943 εἰς
855 3868 969 3949 δείλην
989 3867 1148 3931 ἐκλίνετο.
1173 3860 1239 3947 πρό

129 3977 269 4060 δυσμῶν
295 3970 378 4058 γάρ,
406 3975 505 4056 φησί,
534 3973 696 4053 συνέτυχε
725 3973 765 4054 τῇ
794 3961 1016 4054 Ναυσικάα
1001 3991 1019 4030 ο
1047 3960 1238 4044 Ὀδυσσεύς.

128 4076 199 4142 Pal.
220 4075 347 4163 (Harl.)
371 4075 444 4140 coll.
468 4075 509 4140 E.
530 4072 629 4158 Vulg.
649 4069 768 4136 Hamb.
791 4092 823 4155 p.
846 4072 885 4132 37
904 4068 955 4134 cd.
979 4066 1078 4132 Prell.
1122 4067 1237 4132 Lectio

128 4177 311 4256 Aristarchi
349 4179 446 4244 unico
491 4198 571 4242 vcra
612 4174 743 4241 videtur
781 4172 980 4237 Buttmanno
1024 4168 1158 4254 laxilog.
1201 4167 1238 4232 II

127 4302 160 4366 p.
184 4283 253 4345 192.
