<?xml version="1.0" encoding="UTF-8"?>
<!DOCTYPE html PUBLIC "-//W3C//DTD XHTML 1.0 Transitional//EN"
    "http://www.w3.org/TR/xhtml1/DTD/xhtml1-transitional.dtd">
<html xmlns="http://www.w3.org/1999/xhtml" xml:lang="en" lang="en">
 <head>
  <title>
</title>
<meta http-equiv="Content-Type" content="text/html;charset=utf-8" />
  <meta name='ocr-system' content='tesseract 3.04.00' />
  <meta name='ocr-capabilities' content='ocr_page ocr_carea ocr_par ocr_line ocrx_word'/>
</head>
<body>
  <div class='ocr_page' id='page_1' title='image "./didymichalcente00schmgoog_0126.png"; bbox 0 0 2948 5024; ppageno 0'>
   <div class='ocr_carea' id='block_1_1' title="bbox 1182 425 1241 489">
    <p class='ocr_par' dir='ltr' id='par_1_1' title="bbox 1182 425 1241 489">
     <span class='ocr_line' id='line_1_1' title="bbox 1182 425 1241 489; baseline 0 -1"><span class='ocrx_word' id='word_1_1' title='bbox 1182 425 1241 489; x_wconf 91' lang='grc'><strong>109</strong></span> 
     </span>
    </p>
   </div>
   <div class='ocr_carea' id='block_1_2' title="bbox 130 582 1241 786">
    <p class='ocr_par' dir='ltr' id='par_1_2' title="bbox 130 582 1241 786">
     <span class='ocr_line' id='line_1_2' title="bbox 214 582 1241 683; baseline -0.004 -21"><span class='ocrx_word' id='word_1_2' title='bbox 214 599 252 662; x_wconf 92' lang='lat' dir='ltr'><strong>V.</strong></span> <span class='ocrx_word' id='word_1_3' title='bbox 293 598 372 663; x_wconf 83' lang='lat'>1033</span> <span class='ocrx_word' id='word_1_4' title='bbox 400 589 676 681; x_wconf 79' lang='grc' dir='ltr'><em>ἀνεμέσητον·</em></span> <span class='ocrx_word' id='word_1_5' title='bbox 707 589 764 678; x_wconf 80' lang='grc' dir='ltr'><strong>ἐφ’</strong></span> <span class='ocrx_word' id='word_1_6' title='bbox 800 582 828 683; x_wconf 75' lang='grc' dir='ltr'><em>ᾧ</em></span> <span class='ocrx_word' id='word_1_7' title='bbox 860 587 975 670; x_wconf 77' lang='grc' dir='ltr'><em>οὐδείς</em></span> <span class='ocrx_word' id='word_1_8' title='bbox 1005 608 1044 657; x_wconf 79' lang='grc' dir='ltr'><strong>σε</strong></span> <span class='ocrx_word' id='word_1_9' title='bbox 1075 592 1241 676; x_wconf 65' lang='grc' dir='ltr'><em>μέμψηται</em></span> 
     </span>
     <span class='ocr_line' id='line_1_3' title="bbox 130 689 1143 786; baseline -0.004 -22"><span class='ocrx_word' id='word_1_10' title='bbox 130 698 248 785; x_wconf 87' lang='lat' dir='ltr'><strong>(schol.</strong></span> <span class='ocrx_word' id='word_1_11' title='bbox 270 721 303 786; x_wconf 91' lang='lat' dir='ltr'><strong>p.</strong></span> <span class='ocrx_word' id='word_1_12' title='bbox 328 699 413 780; x_wconf 86' lang='grc'><strong>182).</strong></span> <span class='ocrx_word' id='word_1_13' title='bbox 436 699 517 764; x_wconf 87' lang='lat' dir='ltr'><strong>Hes.</strong></span> <span class='ocrx_word' id='word_1_14' title='bbox 542 700 640 763; x_wconf 94' lang='grc'><strong>1362</strong></span> <span class='ocrx_word' id='word_1_15' title='bbox 659 691 936 781; x_wconf 79' lang='grc' dir='ltr'><em>ἀνεμέσητον·</em></span> <span class='ocrx_word' id='word_1_16' title='bbox 961 689 1143 779; x_wconf 76' lang='grc' dir='ltr'><em>ἄμεμπτον.</em></span> 
     </span>
    </p>
   </div>
   <div class='ocr_carea' id='block_1_3' title="bbox 127 795 1314 2619">
    <p class='ocr_par' dir='ltr' id='par_1_3' title="bbox 128 795 1241 1089">
     <span class='ocr_line' id='line_1_4' title="bbox 213 795 1239 886; baseline -0.002 -22"><span class='ocrx_word' id='word_1_17' title='bbox 213 800 254 865; x_wconf 89' lang='lat' dir='ltr'><strong>V.</strong></span> <span class='ocrx_word' id='word_1_18' title='bbox 281 804 361 866; x_wconf 91' lang='grc'><strong>1093</strong></span> <span class='ocrx_word' id='word_1_19' title='bbox 383 797 591 867; x_wconf 77' lang='grc' dir='ltr'><em>ἄπλατον·</em></span> <span class='ocrx_word' id='word_1_20' title='bbox 619 795 806 886; x_wconf 78' lang='grc' dir='ltr'><em>ἀπρόσιτον</em></span> <span class='ocrx_word' id='word_1_21' title='bbox 834 797 952 886; x_wconf 89' lang='lat' dir='ltr'><strong>(schol.</strong></span> <span class='ocrx_word' id='word_1_22' title='bbox 979 820 1012 885; x_wconf 89' lang='lat' dir='ltr'><strong>p.</strong></span> <span class='ocrx_word' id='word_1_23' title='bbox 1043 799 1130 885; x_wconf 83' lang='lat'><strong>185).</strong></span> <span class='ocrx_word' id='word_1_24' title='bbox 1174 797 1239 862; x_wconf 88' lang='lat' dir='ltr'><strong>Hic</strong></span> 
     </span>
     <span class='ocr_line' id='line_1_5' title="bbox 128 894 1241 986; baseline -0.002 -19"><span class='ocrx_word' id='word_1_25' title='bbox 128 903 269 968; x_wconf 83' lang='lat' dir='ltr'><strong>fortasse</strong></span> <span class='ocrx_word' id='word_1_26' title='bbox 291 904 385 967; x_wconf 87' lang='lat' dir='ltr'><strong>varia</strong></span> <span class='ocrx_word' id='word_1_27' title='bbox 405 903 503 969; x_wconf 89' lang='lat' dir='ltr'><strong>lectio</strong></span> <span class='ocrx_word' id='word_1_28' title='bbox 525 902 678 969; x_wconf 79' lang='lat' dir='ltr'><strong>exstabat</strong></span> <span class='ocrx_word' id='word_1_29' title='bbox 695 895 855 986; x_wconf 78' lang='grc' dir='ltr'><em>ἄτλητον.</em></span> <span class='ocrx_word' id='word_1_30' title='bbox 901 898 973 963; x_wconf 85' lang='grc' dir='ltr'><strong>Ηοο</strong></span> <span class='ocrx_word' id='word_1_31' title='bbox 994 900 1081 963; x_wconf 89' lang='lat' dir='ltr'><strong>enim</strong></span> <span class='ocrx_word' id='word_1_32' title='bbox 1098 894 1241 982; x_wconf 77' lang='grc' dir='ltr'><em>ἀπρόσι·</em></span> 
     </span>
     <span class='ocr_line' id='line_1_6' title="bbox 129 1002 1239 1089; baseline -0.005 -20"><span class='ocrx_word' id='word_1_33' title='bbox 129 1027 189 1069; x_wconf 88' lang='grc' dir='ltr'><strong>τον</strong></span> <span class='ocrx_word' id='word_1_34' title='bbox 210 1003 397 1088; x_wconf 86' lang='lat' dir='ltr'><strong>significare</strong></span> <span class='ocrx_word' id='word_1_35' title='bbox 413 1005 526 1070; x_wconf 90' lang='lat' dir='ltr'><strong>dicunt</strong></span> <span class='ocrx_word' id='word_1_36' title='bbox 541 1005 620 1070; x_wconf 90' lang='lat' dir='ltr'><strong>Hes.</strong></span> <span class='ocrx_word' id='word_1_37' title='bbox 638 1012 670 1068; x_wconf 92' lang='lat' dir='ltr'><strong>et</strong></span> <span class='ocrx_word' id='word_1_38' title='bbox 685 1002 913 1089; x_wconf 87' lang='lat' dir='ltr'><strong>Diogenianns</strong></span> <span class='ocrx_word' id='word_1_39' title='bbox 929 1023 982 1088; x_wconf 87' lang='lat' dir='ltr'><strong>ap.</strong></span> <span class='ocrx_word' id='word_1_40' title='bbox 1001 1010 1044 1064; x_wconf 89' lang='lat' dir='ltr'><strong>et.</strong></span> <span class='ocrx_word' id='word_1_41' title='bbox 1061 1022 1103 1065; x_wconf 92' lang='lat' dir='ltr'><strong>m.</strong></span> <span class='ocrx_word' id='word_1_42' title='bbox 1120 1023 1154 1087; x_wconf 88' lang='lat' dir='ltr'><strong>p.</strong></span> <span class='ocrx_word' id='word_1_43' title='bbox 1170 1002 1239 1064; x_wconf 89' lang='grc'><strong>123.</strong></span> 
     </span>
    </p>

    <p class='ocr_par' dir='ltr' id='par_1_4' title="bbox 127 1100 1241 1274">
     <span class='ocr_line' id='line_1_7' title="bbox 210 1100 1241 1193; baseline -0.005 -23"><span class='ocrx_word' id='word_1_44' title='bbox 210 1108 243 1170; x_wconf 85' lang='grc' dir='ltr'><strong>Α</strong></span> <span class='ocrx_word' id='word_1_45' title='bbox 264 1129 297 1171; x_wconf 88' lang='lat' dir='ltr'><strong>v.</strong></span> <span class='ocrx_word' id='word_1_46' title='bbox 324 1110 401 1170; x_wconf 91' lang='grc'><strong>1161</strong></span> <span class='ocrx_word' id='word_1_47' title='bbox 422 1128 454 1193; x_wconf 89' lang='lat' dir='ltr'><strong>p.</strong></span> <span class='ocrx_word' id='word_1_48' title='bbox 479 1110 537 1172; x_wconf 87' lang='grc'><strong>187</strong></span> <span class='ocrx_word' id='word_1_49' title='bbox 567 1105 639 1172; x_wconf 83' lang='grc' dir='ltr'><strong>1οοο</strong></span> <span class='ocrx_word' id='word_1_50' title='bbox 656 1106 799 1169; x_wconf 86' lang='lat' dir='ltr'><strong>maxime</strong></span> <span class='ocrx_word' id='word_1_51' title='bbox 821 1102 1026 1169; x_wconf 82' lang='lat' dir='ltr'><strong>memorabili</strong></span> <span class='ocrx_word' id='word_1_52' title='bbox 1053 1100 1241 1190; x_wconf 87' lang='lat' dir='ltr'><strong>disputandi</strong></span> 
     </span>
     <span class='ocr_line' id='line_1_8' title="bbox 127 1193 1021 1274; baseline -0.007 -1"><span class='ocrx_word' id='word_1_53' title='bbox 127 1208 264 1274; x_wconf 84' lang='lat' dir='ltr'><strong>fecimus</strong></span> <span class='ocrx_word' id='word_1_54' title='bbox 289 1208 429 1272; x_wconf 89' lang='lat' dir='ltr'><strong>initium.</strong></span> <span class='ocrx_word' id='word_1_55' title='bbox 1015 1193 1021 1205; x_wconf 75' lang='grc'><strong>’</strong></span> 
     </span>
    </p>

    <p class='ocr_par' dir='ltr' id='par_1_5' title="bbox 128 1301 1314 2313">
     <span class='ocr_line' id='line_1_9' title="bbox 212 1301 1238 1395; baseline -0.006 -21"><span class='ocrx_word' id='word_1_56' title='bbox 212 1311 342 1395; x_wconf 89' lang='lat' dir='ltr'><strong>Agmen</strong></span> <span class='ocrx_word' id='word_1_57' title='bbox 374 1309 505 1374; x_wconf 87' lang='lat' dir='ltr'><strong>claudat</strong></span> <span class='ocrx_word' id='word_1_58' title='bbox 533 1333 566 1374; x_wconf 93' lang='lat' dir='ltr'><strong>v.</strong></span> <span class='ocrx_word' id='word_1_59' title='bbox 593 1311 673 1372; x_wconf 88' lang='grc'><strong>1199</strong></span> <span class='ocrx_word' id='word_1_60' title='bbox 705 1302 857 1391; x_wconf 76' lang='grc' dir='ltr'><em>ἄγριον</em></span> <span class='ocrx_word' id='word_1_61' title='bbox 882 1311 1044 1374; x_wconf 67' lang='grc' dir='ltr'><em>ἔλαιον·</em></span> <span class='ocrx_word' id='word_1_62' title='bbox 1074 1301 1238 1385; x_wconf 72' lang='grc' dir='ltr'><em>ἄκαρπον.</em></span> 
     </span>
     <span class='ocr_line' id='line_1_10' title="bbox 129 1402 1240 1499; baseline -0.005 -24"><span class='ocrx_word' id='word_1_63' title='bbox 129 1405 322 1494; x_wconf 77' lang='grc' dir='ltr'><em>ἀγριέλαιον</em></span> <span class='ocrx_word' id='word_1_64' title='bbox 349 1410 410 1498; x_wconf 84' lang='lat' dir='ltr'><strong>(gl.</strong></span> <span class='ocrx_word' id='word_1_65' title='bbox 437 1432 500 1476; x_wconf 90' lang='lat' dir='ltr'><strong>om.</strong></span> <span class='ocrx_word' id='word_1_66' title='bbox 536 1412 576 1475; x_wconf 84' lang='lat' dir='ltr'><strong>R.</strong></span> <span class='ocrx_word' id='word_1_67' title='bbox 601 1410 685 1499; x_wconf 70' lang='lat' dir='ltr'><strong>Bm).</strong></span> <span class='ocrx_word' id='word_1_68' title='bbox 746 1409 827 1475; x_wconf 83' lang='lat' dir='ltr'><strong>Hes.</strong></span> <span class='ocrx_word' id='word_1_69' title='bbox 864 1410 881 1473; x_wconf 92' lang='lat'><em>1</em></span> <span class='ocrx_word' id='word_1_70' title='bbox 913 1415 953 1475; x_wconf 91' lang='grc'><strong>67</strong></span> <span class='ocrx_word' id='word_1_71' title='bbox 983 1402 1240 1492; x_wconf 76' lang='grc' dir='ltr'><em>ἀγριέλαιος·</em></span> 
     </span>
     <span class='ocr_line' id='line_1_11' title="bbox 128 1502 1314 1600; baseline -0.006 -22"><span class='ocrx_word' id='word_1_72' title='bbox 128 1508 288 1597; x_wconf 78' lang='grc' dir='ltr'><em>ἄκαρπος.</em></span> <span class='ocrx_word' id='word_1_73' title='bbox 310 1512 385 1577; x_wconf 88' lang='lat' dir='ltr'><strong>Huc</strong></span> <span class='ocrx_word' id='word_1_74' title='bbox 408 1522 557 1600; x_wconf 86' lang='lat' dir='ltr'><strong>spectant</strong></span> <span class='ocrx_word' id='word_1_75' title='bbox 570 1512 705 1577; x_wconf 89' lang='lat' dir='ltr'><strong>Bachm.</strong></span> <span class='ocrx_word' id='word_1_76' title='bbox 727 1511 866 1576; x_wconf 88' lang='lat' dir='ltr'><strong>anecdd.</strong></span> <span class='ocrx_word' id='word_1_77' title='bbox 889 1511 949 1598; x_wconf 91' lang='lat' dir='ltr'><strong>Ip.</strong></span> <span class='ocrx_word' id='word_1_78' title='bbox 962 1513 1013 1594; x_wconf 83' lang='grc'><strong>25,</strong></span> <span class='ocrx_word' id='word_1_79' title='bbox 1039 1514 1077 1574; x_wconf 86' lang='grc'><strong>15</strong></span> <span class='ocrx_word' id='word_1_80' title='bbox 1097 1502 1242 1591; x_wconf 75' lang='grc' dir='ltr'><em>ἄγριος</em></span> <span class='ocrx_word' id='word_1_81' title='bbox 1310 1534 1314 1541; x_wconf 91' lang='grc'><em>·</em></span> 
     </span>
     <span class='ocr_line' id='line_1_12' title="bbox 129 1604 1242 1699; baseline -0.007 -19"><span class='ocrx_word' id='word_1_82' title='bbox 129 1617 286 1693; x_wconf 58' lang='lat' dir='ltr'><strong>ituros·</strong></span> <span class='ocrx_word' id='word_1_83' title='bbox 315 1609 360 1699; x_wconf 75' lang='grc' dir='ltr'><strong>ἢν</strong></span> <span class='ocrx_word' id='word_1_84' title='bbox 387 1614 423 1679; x_wconf 76' lang='grc' dir='ltr'><strong>οἰ</strong></span> <span class='ocrx_word' id='word_1_85' title='bbox 449 1613 566 1681; x_wconf 74' lang='grc' dir='ltr'><em>πολλοὶ</em></span> <span class='ocrx_word' id='word_1_86' title='bbox 595 1610 788 1699; x_wconf 79' lang='grc' dir='ltr'><em>ἀγριέλαιον</em></span> <span class='ocrx_word' id='word_1_87' title='bbox 816 1617 990 1678; x_wconf 78' lang='grc' dir='ltr'><em>καλοῦσιν.</em></span> <span class='ocrx_word' id='word_1_88' title='bbox 1045 1612 1116 1676; x_wconf 78' lang='grc' dir='ltr'><em>ἔστι</em></span> <span class='ocrx_word' id='word_1_89' title='bbox 1151 1604 1242 1692; x_wconf 77' lang='grc' dir='ltr'><em>παρὰ</em></span> 
     </span>
     <span class='ocr_line' id='line_1_13' title="bbox 130 1711 1240 1805; baseline -0.008 -24"><span class='ocrx_word' id='word_1_90' title='bbox 130 1711 291 1805; x_wconf 74' lang='grc' dir='ltr'><em>Πινδάρῳ</em></span> <span class='ocrx_word' id='word_1_91' title='bbox 311 1717 349 1783; x_wconf 80' lang='grc' dir='ltr'><strong>ἐν</strong></span> <span class='ocrx_word' id='word_1_92' title='bbox 369 1711 505 1801; x_wconf 59' lang='grc' dir='ltr'><em>Ὕμνοις</em></span> <span class='ocrx_word' id='word_1_93' title='bbox 528 1716 666 1803; x_wconf 83' lang='lat' dir='ltr'><strong>(Bergk.</strong></span> <span class='ocrx_word' id='word_1_94' title='bbox 690 1716 790 1782; x_wconf 81' lang='lat' dir='ltr'><strong>PLG.</strong></span> <span class='ocrx_word' id='word_1_95' title='bbox 820 1715 838 1779; x_wconf 94' lang='lat' dir='ltr'>I</span> <span class='ocrx_word' id='word_1_96' title='bbox 858 1738 891 1803; x_wconf 94' lang='lat' dir='ltr'><strong>p.</strong></span> <span class='ocrx_word' id='word_1_97' title='bbox 914 1717 976 1780; x_wconf 90' lang='grc'><strong>233</strong></span> <span class='ocrx_word' id='word_1_98' title='bbox 998 1713 1049 1778; x_wconf 88' lang='lat' dir='ltr'><strong>ed.</strong></span> <span class='ocrx_word' id='word_1_99' title='bbox 1070 1715 1090 1775; x_wconf 98' lang='grc'>2</span> <span class='ocrx_word' id='word_1_100' title='bbox 1111 1711 1151 1776; x_wconf 87' lang='lat' dir='ltr'><strong>fr.</strong></span> <span class='ocrx_word' id='word_1_101' title='bbox 1174 1712 1240 1796; x_wconf 83' lang='grc'>22),</span> 
     </span>
     <span class='ocr_line' id='line_1_14' title="bbox 131 1814 1241 1906; baseline -0.007 -22"><span class='ocrx_word' id='word_1_102' title='bbox 131 1840 215 1906; x_wconf 88' lang='lat' dir='ltr'><strong>quse</strong></span> <span class='ocrx_word' id='word_1_103' title='bbox 244 1819 394 1885; x_wconf 73' lang='lat' dir='ltr'><strong>fortassis</strong></span> <span class='ocrx_word' id='word_1_104' title='bbox 425 1820 646 1891; x_wconf 89' lang='lat' dir='ltr'><strong>ePausaniae</strong></span> <span class='ocrx_word' id='word_1_105' title='bbox 674 1819 777 1905; x_wconf 90' lang='lat' dir='ltr'><strong>copiis</strong></span> <span class='ocrx_word' id='word_1_106' title='bbox 809 1816 984 1882; x_wconf 86' lang='lat' dir='ltr'><strong>fluxerunt.</strong></span> <span class='ocrx_word' id='word_1_107' title='bbox 1040 1814 1128 1880; x_wconf 85' lang='lat' dir='ltr'><strong>Aelii</strong></span> <span class='ocrx_word' id='word_1_108' title='bbox 1153 1821 1241 1878; x_wconf 88' lang='lat' dir='ltr'><strong>certe</strong></span> 
     </span>
     <span class='ocr_line' id='line_1_15' title="bbox 130 1915 1242 2008; baseline -0.005 -25"><span class='ocrx_word' id='word_1_109' title='bbox 130 1920 284 2008; x_wconf 81' lang='lat' dir='ltr'><strong>Dionysii</strong></span> <span class='ocrx_word' id='word_1_110' title='bbox 306 1944 373 1987; x_wconf 91' lang='lat' dir='ltr'><strong>non</strong></span> <span class='ocrx_word' id='word_1_111' title='bbox 394 1943 466 1986; x_wconf 86' lang='lat' dir='ltr'><strong>esse</strong></span> <span class='ocrx_word' id='word_1_112' title='bbox 488 1921 619 1987; x_wconf 83' lang='lat' dir='ltr'><strong>docebit</strong></span> <span class='ocrx_word' id='word_1_113' title='bbox 640 1921 806 2007; x_wconf 87' lang='lat' dir='ltr'><strong>inspectus</strong></span> <span class='ocrx_word' id='word_1_114' title='bbox 829 1919 980 1984; x_wconf 90' lang='lat' dir='ltr'><strong>Eustath.</strong></span> <span class='ocrx_word' id='word_1_115' title='bbox 1006 1920 1103 1998; x_wconf 85' lang='grc'><strong>1944,</strong></span> <span class='ocrx_word' id='word_1_116' title='bbox 1122 1918 1159 1997; x_wconf 82' lang='grc'><strong>8,</strong></span> <span class='ocrx_word' id='word_1_117' title='bbox 1188 1915 1242 1979; x_wconf 90' lang='lat' dir='ltr'><strong>cui</strong></span> 
     </span>
     <span class='ocr_line' id='line_1_16' title="bbox 129 2017 1240 2111; baseline -0.005 -25"><span class='ocrx_word' id='word_1_118' title='bbox 129 2021 170 2086; x_wconf 89' lang='lat' dir='ltr'><strong>de</strong></span> <span class='ocrx_word' id='word_1_119' title='bbox 199 2020 231 2086; x_wconf 92' lang='lat' dir='ltr'><strong>h.</strong></span> <span class='ocrx_word' id='word_1_120' title='bbox 263 2045 296 2087; x_wconf 90' lang='lat' dir='ltr'><strong>v.</strong></span> <span class='ocrx_word' id='word_1_121' title='bbox 335 2032 507 2111; x_wconf 88' lang='lat' dir='ltr'><strong>utramque</strong></span> <span class='ocrx_word' id='word_1_122' title='bbox 538 2024 693 2110; x_wconf 90' lang='lat' dir='ltr'><strong>Dionysii</strong></span> <span class='ocrx_word' id='word_1_123' title='bbox 728 2024 905 2088; x_wconf 88' lang='lat' dir='ltr'><strong>editionem</strong></span> <span class='ocrx_word' id='word_1_124' title='bbox 940 2021 1110 2087; x_wconf 88' lang='lat' dir='ltr'><strong>consulere</strong></span> <span class='ocrx_word' id='word_1_125' title='bbox 1138 2017 1240 2082; x_wconf 91' lang='lat' dir='ltr'><strong>licuit.</strong></span> 
     </span>
     <span class='ocr_line' id='line_1_17' title="bbox 130 2123 1238 2212; baseline -0.003 -26"><span class='ocrx_word' id='word_1_126' title='bbox 130 2123 266 2188; x_wconf 86' lang='lat' dir='ltr'><strong>Pindari</strong></span> <span class='ocrx_word' id='word_1_127' title='bbox 296 2128 559 2192; x_wconf 80' lang='lat' dir='ltr'><strong>commemoratio</strong></span> <span class='ocrx_word' id='word_1_128' title='bbox 591 2125 632 2189; x_wconf 93' lang='lat' dir='ltr'><strong>de</strong></span> <span class='ocrx_word' id='word_1_129' title='bbox 659 2125 806 2211; x_wconf 89' lang='lat' dir='ltr'><strong>Didymo</strong></span> <span class='ocrx_word' id='word_1_130' title='bbox 837 2125 967 2212; x_wconf 82' lang='lat' dir='ltr'><strong>glossae</strong></span> <span class='ocrx_word' id='word_1_131' title='bbox 1003 2133 1135 2188; x_wconf 91' lang='lat' dir='ltr'><strong>auctore</strong></span> <span class='ocrx_word' id='word_1_132' title='bbox 1177 2140 1238 2185; x_wconf 88' lang='lat' dir='ltr'><strong>nos</strong></span> 
     </span>
     <span class='ocr_line' id='line_1_18' title="bbox 129 2226 427 2313; baseline 0.01 -25"><span class='ocrx_word' id='word_1_133' title='bbox 129 2226 274 2309; x_wconf 89' lang='lat' dir='ltr'><strong>cogitare</strong></span> <span class='ocrx_word' id='word_1_134' title='bbox 294 2228 427 2313; x_wconf 89' lang='lat' dir='ltr'><strong>patitur.</strong></span> 
     </span>
    </p>

    <p class='ocr_par' dir='ltr' id='par_1_6' title="bbox 131 2325 1242 2619">
     <span class='ocr_line' id='line_1_19' title="bbox 213 2325 1242 2411; baseline -0.005 -20"><span class='ocrx_word' id='word_1_135' title='bbox 213 2327 284 2391; x_wconf 91' lang='lat' dir='ltr'><strong>Iam</strong></span> <span class='ocrx_word' id='word_1_136' title='bbox 306 2350 385 2394; x_wconf 90' lang='lat' dir='ltr'><strong>vero</strong></span> <span class='ocrx_word' id='word_1_137' title='bbox 404 2351 545 2411; x_wconf 89' lang='lat' dir='ltr'><strong>manum,</strong></span> <span class='ocrx_word' id='word_1_138' title='bbox 567 2337 603 2393; x_wconf 92' lang='lat' dir='ltr'><strong>ut</strong></span> <span class='ocrx_word' id='word_1_139' title='bbox 624 2328 725 2410; x_wconf 89' lang='lat' dir='ltr'><strong>aiunt,</strong></span> <span class='ocrx_word' id='word_1_140' title='bbox 748 2329 789 2394; x_wconf 93' lang='lat' dir='ltr'><strong>de</strong></span> <span class='ocrx_word' id='word_1_141' title='bbox 810 2329 933 2395; x_wconf 81' lang='lat' dir='ltr'><strong>tabula.</strong></span> <span class='ocrx_word' id='word_1_142' title='bbox 961 2327 1134 2394; x_wconf 77' lang='lat' dir='ltr'><strong>sufficient</strong></span> <span class='ocrx_word' id='word_1_143' title='bbox 1154 2325 1242 2389; x_wconf 90' lang='lat' dir='ltr'><strong>enim</strong></span> 
     </span>
     <span class='ocr_line' id='line_1_20' title="bbox 131 2424 1242 2518; baseline -0.004 -27"><span class='ocrx_word' id='word_1_144' title='bbox 131 2427 211 2492; x_wconf 88' lang='lat' dir='ltr'><strong>haec</strong></span> <span class='ocrx_word' id='word_1_145' title='bbox 231 2430 397 2516; x_wconf 85' lang='lat' dir='ltr'><strong>exempla,</strong></span> <span class='ocrx_word' id='word_1_146' title='bbox 423 2439 459 2495; x_wconf 89' lang='lat' dir='ltr'><strong>ut</strong></span> <span class='ocrx_word' id='word_1_147' title='bbox 476 2440 646 2518; x_wconf 85' lang='lat' dir='ltr'><strong>appareat,</strong></span> <span class='ocrx_word' id='word_1_148' title='bbox 677 2451 743 2516; x_wconf 92' lang='lat' dir='ltr'><strong>qua</strong></span> <span class='ocrx_word' id='word_1_149' title='bbox 763 2432 895 2496; x_wconf 88' lang='lat' dir='ltr'><strong>tandem</strong></span> <span class='ocrx_word' id='word_1_150' title='bbox 916 2439 986 2494; x_wconf 88' lang='lat' dir='ltr'><strong>arte</strong></span> <span class='ocrx_word' id='word_1_151' title='bbox 1013 2449 1128 2517; x_wconf 86' lang='lat' dir='ltr'><strong>sparsa</strong></span> <span class='ocrx_word' id='word_1_152' title='bbox 1148 2424 1242 2514; x_wconf 86' lang='lat' dir='ltr'><strong>quasi</strong></span> 
     </span>
     <span class='ocr_line' id='line_1_21' title="bbox 131 2527 1241 2619; baseline -0.003 -25"><span class='ocrx_word' id='word_1_153' title='bbox 131 2551 189 2614; x_wconf 86' lang='lat' dir='ltr'><strong>per</strong></span> <span class='ocrx_word' id='word_1_154' title='bbox 210 2538 313 2595; x_wconf 90' lang='lat' dir='ltr'><strong>totum</strong></span> <span class='ocrx_word' id='word_1_155' title='bbox 335 2530 537 2618; x_wconf 86' lang='lat' dir='ltr'><strong>Hesychium</strong></span> <span class='ocrx_word' id='word_1_156' title='bbox 554 2531 691 2619; x_wconf 85' lang='lat' dir='ltr'><strong>Didymi</strong></span> <span class='ocrx_word' id='word_1_157' title='bbox 705 2532 790 2597; x_wconf 84' lang='lat' dir='ltr'><strong>lexis</strong></span> <span class='ocrx_word' id='word_1_158' title='bbox 808 2533 933 2617; x_wconf 88' lang='lat' dir='ltr'><strong>tragica</strong></span> <span class='ocrx_word' id='word_1_159' title='bbox 954 2532 1060 2618; x_wconf 87' lang='lat' dir='ltr'><strong>possit</strong></span> <span class='ocrx_word' id='word_1_160' title='bbox 1083 2527 1241 2612; x_wconf 83' lang='lat' dir='ltr'><strong>recolligi,</strong></span> 
     </span>
    </p>
   </div>
   <div class='ocr_carea' id='block_1_4' title="bbox 28 2631 1241 2720">
    <p class='ocr_par' dir='ltr' id='par_1_7' title="bbox 28 2631 1241 2720">
     <span class='ocr_line' id='line_1_22' title="bbox 28 2631 1241 2720; baseline -0.009 -18"><span class='ocrx_word' id='word_1_161' title='bbox 28 2685 35 2702; x_wconf 80' lang='lat'><strong>.</strong></span> <span class='ocrx_word' id='word_1_162' title='bbox 131 2650 212 2715; x_wconf 88' lang='lat' dir='ltr'><strong>opus</strong></span> <span class='ocrx_word' id='word_1_163' title='bbox 240 2631 387 2717; x_wconf 86' lang='lat' dir='ltr'><strong>profecto</strong></span> <span class='ocrx_word' id='word_1_164' title='bbox 416 2655 559 2699; x_wconf 86' lang='lat' dir='ltr'><strong>nauseae</strong></span> <span class='ocrx_word' id='word_1_165' title='bbox 581 2633 728 2720; x_wconf 90' lang='lat' dir='ltr'><strong>plenum,</strong></span> <span class='ocrx_word' id='word_1_166' title='bbox 759 2634 960 2720; x_wconf 88' lang='lat' dir='ltr'><strong>futurisque,</strong></span> <span class='ocrx_word' id='word_1_167' title='bbox 996 2633 1025 2695; x_wconf 91' lang='lat' dir='ltr'><strong>si</strong></span> <span class='ocrx_word' id='word_1_168' title='bbox 1057 2632 1241 2717; x_wconf 87' lang='lat' dir='ltr'><strong>quierunt,</strong></span> 
     </span>
    </p>
   </div>
   <div class='ocr_carea' id='block_1_5' title="bbox 131 2730 1242 3024">
    <p class='ocr_par' dir='ltr' id='par_1_8' title="bbox 131 2730 1242 3024">
     <span class='ocr_line' id='line_1_23' title="bbox 132 2730 1241 2822; baseline -0.001 -28"><span class='ocrx_word' id='word_1_169' title='bbox 132 2730 290 2817; x_wconf 88' lang='lat' dir='ltr'><strong>Hesychii</strong></span> <span class='ocrx_word' id='word_1_170' title='bbox 313 2733 493 2800; x_wconf 87' lang='lat' dir='ltr'><strong>editoribus</strong></span> <span class='ocrx_word' id='word_1_171' title='bbox 512 2734 586 2822; x_wconf 89' lang='lat' dir='ltr'><strong>plus</strong></span> <span class='ocrx_word' id='word_1_172' title='bbox 608 2734 824 2821; x_wconf 90' lang='lat' dir='ltr'><strong>profuturum,</strong></span> <span class='ocrx_word' id='word_1_173' title='bbox 847 2755 944 2821; x_wconf 91' lang='lat' dir='ltr'><strong>quam</strong></span> <span class='ocrx_word' id='word_1_174' title='bbox 966 2730 1147 2819; x_wconf 87' lang='lat' dir='ltr'><strong>Sophoclis.</strong></span> <span class='ocrx_word' id='word_1_175' title='bbox 1176 2730 1241 2794; x_wconf 89' lang='lat' dir='ltr'><strong>Ita·</strong></span> 
     </span>
     <span class='ocr_line' id='line_1_24' title="bbox 131 2831 1241 2922; baseline -0.002 -26"><span class='ocrx_word' id='word_1_176' title='bbox 131 2853 194 2917; x_wconf 89' lang='lat' dir='ltr'><strong>que</strong></span> <span class='ocrx_word' id='word_1_177' title='bbox 215 2855 303 2898; x_wconf 88' lang='lat' dir='ltr'><strong>nunc</strong></span> <span class='ocrx_word' id='word_1_178' title='bbox 324 2834 365 2899; x_wconf 90' lang='lat' dir='ltr'><strong>de</strong></span> <span class='ocrx_word' id='word_1_179' title='bbox 387 2835 571 2922; x_wconf 84' lang='lat' dir='ltr'><strong>Euripidiis</strong></span> <span class='ocrx_word' id='word_1_180' title='bbox 595 2839 715 2922; x_wconf 84' lang='lat' dir='ltr'><strong>glossis</strong></span> <span class='ocrx_word' id='word_1_181' title='bbox 750 2838 896 2902; x_wconf 89' lang='lat' dir='ltr'><strong>dicturus</strong></span> <span class='ocrx_word' id='word_1_182' title='bbox 926 2835 1039 2921; x_wconf 86' lang='lat' dir='ltr'><strong>paucis</strong></span> <span class='ocrx_word' id='word_1_183' title='bbox 1069 2831 1241 2916; x_wconf 88' lang='lat' dir='ltr'><strong>defungar.</strong></span> 
     </span>
     <span class='ocr_line' id='line_1_25' title="bbox 216 2933 1242 3024; baseline -0.002 -26"><span class='ocrx_word' id='word_1_184' title='bbox 216 2933 404 3021; x_wconf 81' lang='lat' dir='ltr'><strong>Explicatio</strong></span> <span class='ocrx_word' id='word_1_185' title='bbox 426 2937 579 3003; x_wconf 84' lang='lat' dir='ltr'><strong>vocabuli</strong></span> <span class='ocrx_word' id='word_1_186' title='bbox 601 2938 720 3022; x_wconf 78' lang='grc' dir='ltr'><em>αἰθέρα</em></span> <span class='ocrx_word' id='word_1_187' title='bbox 741 2960 794 3024; x_wconf 90' lang='lat' dir='ltr'><strong>ap.</strong></span> <span class='ocrx_word' id='word_1_188' title='bbox 814 2937 959 3023; x_wconf 89' lang='lat' dir='ltr'><strong>Hesych.</strong></span> <span class='ocrx_word' id='word_1_189' title='bbox 978 2944 1123 3016; x_wconf 87' lang='lat' dir='ltr'><strong>servata,</strong></span> <span class='ocrx_word' id='word_1_190' title='bbox 1145 2955 1242 3021; x_wconf 88' lang='lat' dir='ltr'><strong>quam</strong></span> 
     </span>
    </p>
   </div>
   <div class='ocr_carea' id='block_1_6' title="bbox 15 3035 1243 3129">
    <p class='ocr_par' dir='ltr' id='par_1_9' title="bbox 15 3035 1243 3129">
     <span class='ocr_line' id='line_1_26' title="bbox 15 3035 1243 3129; baseline 0.005 -33"><span class='ocrx_word' id='word_1_191' title='bbox 15 3043 21 3048; x_wconf 83' lang='lat'><em>&#39;</em></span> <span class='ocrx_word' id='word_1_192' title='bbox 131 3035 233 3100; x_wconf 88' lang='lat' dir='ltr'><strong>schol.</strong></span> <span class='ocrx_word' id='word_1_193' title='bbox 257 3036 337 3102; x_wconf 84' lang='lat' dir='ltr'><strong>Eur.</strong></span> <span class='ocrx_word' id='word_1_194' title='bbox 368 3038 446 3105; x_wconf 87' lang='lat' dir='ltr'><strong>Tro.</strong></span> <span class='ocrx_word' id='word_1_195' title='bbox 476 3043 553 3105; x_wconf 90' lang='grc'><strong>1071</strong></span> <span class='ocrx_word' id='word_1_196' title='bbox 584 3049 722 3105; x_wconf 87' lang='lat' dir='ltr'><strong>testatur</strong></span> <span class='ocrx_word' id='word_1_197' title='bbox 748 3062 768 3105; x_wconf 90' lang='lat' dir='ltr'><strong>a</strong></span> <span class='ocrx_word' id='word_1_198' title='bbox 789 3040 934 3129; x_wconf 89' lang='lat' dir='ltr'><strong>Didymo</strong></span> <span class='ocrx_word' id='word_1_199' title='bbox 957 3060 1030 3104; x_wconf 84' lang='lat' dir='ltr'><strong>esse</strong></span> <span class='ocrx_word' id='word_1_200' title='bbox 1051 3036 1243 3125; x_wconf 85' lang='lat' dir='ltr'><strong>profectam,</strong></span> 
     </span>
    </p>
   </div>
   <div class='ocr_carea' id='block_1_7' title="bbox 131 3136 1243 3634">
    <p class='ocr_par' dir='ltr' id='par_1_10' title="bbox 131 3136 1243 3634">
     <span class='ocr_line' id='line_1_27' title="bbox 131 3136 1242 3230; baseline 0.006 -31"><span class='ocrx_word' id='word_1_201' title='bbox 131 3136 210 3223; x_wconf 88' lang='lat' dir='ltr'><strong>quin</strong></span> <span class='ocrx_word' id='word_1_202' title='bbox 231 3140 376 3222; x_wconf 84' lang='lat' dir='ltr'><strong>tragicae</strong></span> <span class='ocrx_word' id='word_1_203' title='bbox 397 3141 482 3220; x_wconf 78' lang='grc' dir='ltr'><em>λέξει</em></span> <span class='ocrx_word' id='word_1_204' title='bbox 504 3143 705 3229; x_wconf 85' lang='lat' dir='ltr'><strong>assignanda</strong></span> <span class='ocrx_word' id='word_1_205' title='bbox 731 3145 789 3225; x_wconf 87' lang='lat' dir='ltr'><strong>sit,</strong></span> <span class='ocrx_word' id='word_1_206' title='bbox 817 3142 997 3230; x_wconf 86' lang='lat' dir='ltr'><strong>eademque</strong></span> <span class='ocrx_word' id='word_1_207' title='bbox 1023 3142 1100 3206; x_wconf 92' lang='lat' dir='ltr'><strong>hinc</strong></span> <span class='ocrx_word' id='word_1_208' title='bbox 1120 3143 1155 3204; x_wconf 91' lang='lat' dir='ltr'><strong>in</strong></span> <span class='ocrx_word' id='word_1_209' title='bbox 1177 3140 1242 3206; x_wconf 87' lang='lat' dir='ltr'><strong>He·</strong></span> 
     </span>
     <span class='ocr_line' id='line_1_28' title="bbox 132 3236 1242 3333; baseline 0.006 -34"><span class='ocrx_word' id='word_1_210' title='bbox 132 3236 281 3324; x_wconf 89' lang='lat' dir='ltr'><strong>sychium</strong></span> <span class='ocrx_word' id='word_1_211' title='bbox 310 3244 607 3328; x_wconf 85' lang='lat' dir='ltr'><strong>transmigraverit,</strong></span> <span class='ocrx_word' id='word_1_212' title='bbox 636 3268 700 3311; x_wconf 90' lang='lat' dir='ltr'><strong>non</strong></span> <span class='ocrx_word' id='word_1_213' title='bbox 727 3254 776 3309; x_wconf 87' lang='lat' dir='ltr'><strong>est</strong></span> <span class='ocrx_word' id='word_1_214' title='bbox 805 3244 892 3333; x_wconf 90' lang='lat' dir='ltr'><strong>quod</strong></span> <span class='ocrx_word' id='word_1_215' title='bbox 919 3244 1061 3310; x_wconf 87' lang='lat' dir='ltr'><strong>dubites.</strong></span> <span class='ocrx_word' id='word_1_216' title='bbox 1104 3243 1150 3307; x_wconf 88' lang='lat' dir='ltr'><strong>At</strong></span> <span class='ocrx_word' id='word_1_217' title='bbox 1170 3263 1242 3329; x_wconf 89' lang='lat' dir='ltr'><strong>pro·</strong></span> 
     </span>
     <span class='ocr_line' id='line_1_29' title="bbox 131 3339 1242 3434; baseline 0.005 -32"><span class='ocrx_word' id='word_1_218' title='bbox 131 3339 347 3422; x_wconf 88' lang='lat' dir='ltr'><strong>grediendum</strong></span> <span class='ocrx_word' id='word_1_219' title='bbox 371 3342 508 3411; x_wconf 84' lang='lat' dir='ltr'><strong>ulterius</strong></span> <span class='ocrx_word' id='word_1_220' title='bbox 536 3356 599 3429; x_wconf 90' lang='lat' dir='ltr'><strong>est,</strong></span> <span class='ocrx_word' id='word_1_221' title='bbox 628 3348 840 3434; x_wconf 81' lang='lat' dir='ltr'><strong>institutaque</strong></span> <span class='ocrx_word' id='word_1_222' title='bbox 868 3345 1027 3434; x_wconf 86' lang='lat' dir='ltr'><strong>Hesychii</strong></span> <span class='ocrx_word' id='word_1_223' title='bbox 1050 3367 1125 3410; x_wconf 91' lang='lat' dir='ltr'><strong>cum</strong></span> <span class='ocrx_word' id='word_1_224' title='bbox 1151 3343 1242 3408; x_wconf 86' lang='lat' dir='ltr'><strong>scho-</strong></span> 
     </span>
     <span class='ocr_line' id='line_1_30' title="bbox 132 3439 1243 3535; baseline 0.005 -32"><span class='ocrx_word' id='word_1_225' title='bbox 132 3439 251 3505; x_wconf 91' lang='lat' dir='ltr'><strong>liorum</strong></span> <span class='ocrx_word' id='word_1_226' title='bbox 273 3441 438 3529; x_wconf 86' lang='lat' dir='ltr'><strong>farragine</strong></span> <span class='ocrx_word' id='word_1_227' title='bbox 466 3449 706 3534; x_wconf 90' lang='lat' dir='ltr'><strong>comparatione</strong></span> <span class='ocrx_word' id='word_1_228' title='bbox 729 3470 773 3514; x_wconf 83' lang='lat' dir='ltr'><strong>ex</strong></span> <span class='ocrx_word' id='word_1_229' title='bbox 793 3448 963 3535; x_wconf 87' lang='lat' dir='ltr'><strong>utriusque</strong></span> <span class='ocrx_word' id='word_1_230' title='bbox 984 3447 1061 3512; x_wconf 90' lang='lat' dir='ltr'><strong>libri</strong></span> <span class='ocrx_word' id='word_1_231' title='bbox 1081 3467 1243 3512; x_wconf 87' lang='lat' dir='ltr'><strong>consensu</strong></span> 
     </span>
     <span class='ocr_line' id='line_1_31' title="bbox 131 3540 1242 3634; baseline 0.005 -30"><span class='ocrx_word' id='word_1_232' title='bbox 131 3540 394 3628; x_wconf 88' lang='lat' dir='ltr'><strong>diiudicandum,</strong></span> <span class='ocrx_word' id='word_1_233' title='bbox 415 3570 499 3634; x_wconf 90' lang='lat' dir='ltr'><strong>quac</strong></span> <span class='ocrx_word' id='word_1_234' title='bbox 519 3550 651 3616; x_wconf 87' lang='lat' dir='ltr'><strong>tandem</strong></span> <span class='ocrx_word' id='word_1_235' title='bbox 674 3559 706 3614; x_wconf 89' lang='lat' dir='ltr'><strong>et</strong></span> <span class='ocrx_word' id='word_1_236' title='bbox 726 3550 922 3615; x_wconf 87' lang='lat' dir='ltr'><strong>scholiorum</strong></span> <span class='ocrx_word' id='word_1_237' title='bbox 942 3550 1083 3614; x_wconf 87' lang='lat' dir='ltr'><strong>laciniae</strong></span> <span class='ocrx_word' id='word_1_238' title='bbox 1102 3557 1135 3611; x_wconf 93' lang='lat' dir='ltr'><strong>et</strong></span> <span class='ocrx_word' id='word_1_239' title='bbox 1156 3546 1242 3632; x_wconf 89' lang='lat' dir='ltr'><strong>glos-</strong></span> 
     </span>
    </p>
   </div>
   <div class='ocr_carea' id='block_1_8' title="bbox 131 3766 1244 4183">
    <p class='ocr_par' dir='ltr' id='par_1_11' title="bbox 131 3766 1244 4183">
     <span class='ocr_line' id='line_1_32' title="bbox 131 3766 1242 3836; baseline 0.003 -18"><span class='ocrx_word' id='word_1_240' title='bbox 131 3766 183 3819; x_wconf 83' lang='grc'><strong>927</strong></span> <span class='ocrx_word' id='word_1_241' title='bbox 207 3768 353 3834; x_wconf 80' lang='lat' dir='ltr'><strong>explicatio</strong></span> <span class='ocrx_word' id='word_1_242' title='bbox 376 3772 503 3823; x_wconf 80' lang='lat' dir='ltr'><strong>vocabuli</strong></span> <span class='ocrx_word' id='word_1_243' title='bbox 521 3772 616 3832; x_wconf 73' lang='lat' dir='ltr'><strong>ioixoc</strong></span> <span class='ocrx_word' id='word_1_244' title='bbox 638 3782 666 3825; x_wconf 86' lang='lat' dir='ltr'><strong>et</strong></span> <span class='ocrx_word' id='word_1_245' title='bbox 685 3772 815 3834; x_wconf 73' lang='grc' dir='ltr'><strong>λωπίζειν</strong></span> <span class='ocrx_word' id='word_1_246' title='bbox 835 3775 954 3826; x_wconf 84' lang='lat' dir='ltr'><strong>concinit</strong></span> <span class='ocrx_word' id='word_1_247' title='bbox 972 3789 1033 3824; x_wconf 88' lang='lat' dir='ltr'><strong>cum</strong></span> <span class='ocrx_word' id='word_1_248' title='bbox 1050 3769 1242 3836; x_wconf 76' lang='lat' dir='ltr'><strong>Hesychiuuis.</strong></span> 
     </span>
     <span class='ocr_line' id='line_1_33' title="bbox 132 3847 1244 3924; baseline 0.001 -18"><span class='ocrx_word' id='word_1_249' title='bbox 132 3881 165 3891; x_wconf 90' lang='lat'><em>-</em></span> <span class='ocrx_word' id='word_1_250' title='bbox 195 3855 263 3907; x_wconf 84' lang='lat' dir='ltr'><strong>Hcs.</strong></span> <span class='ocrx_word' id='word_1_251' title='bbox 287 3857 302 3907; x_wconf 93' lang='lat' dir='ltr'>I</span> <span class='ocrx_word' id='word_1_252' title='bbox 327 3856 380 3908; x_wconf 73' lang='lat'><strong>3⁴6</strong></span> <span class='ocrx_word' id='word_1_253' title='bbox 405 3847 533 3917; x_wconf 75' lang='grc' dir='ltr'><em>ἄναυδος</em></span> <span class='ocrx_word' id='word_1_254' title='bbox 561 3861 678 3912; x_wconf 73' lang='lat' dir='ltr'><strong>sonasse</strong></span> <span class='ocrx_word' id='word_1_255' title='bbox 702 3861 738 3912; x_wconf 80' lang='lat' dir='ltr'><strong>ad</strong></span> <span class='ocrx_word' id='word_1_256' title='bbox 759 3862 806 3912; x_wconf 84' lang='lat' dir='ltr'><strong>Tr.</strong></span> <span class='ocrx_word' id='word_1_257' title='bbox 831 3875 858 3911; x_wconf 83' lang='lat' dir='ltr'><strong>v.</strong></span> <span class='ocrx_word' id='word_1_258' title='bbox 881 3860 933 3910; x_wconf 91' lang='grc'><strong>970</strong></span> <span class='ocrx_word' id='word_1_259' title='bbox 951 3860 1081 3924; x_wconf 84' lang='lat' dir='ltr'><strong>pertinet,</strong></span> <span class='ocrx_word' id='word_1_260' title='bbox 1105 3873 1185 3923; x_wconf 85' lang='lat' dir='ltr'><strong>quem</strong></span> <span class='ocrx_word' id='word_1_261' title='bbox 1208 3857 1244 3908; x_wconf 86' lang='lat' dir='ltr'><strong>ad</strong></span> 
     </span>
     <span class='ocr_line' id='line_1_34' title="bbox 132 3935 1244 4010; baseline 0.003 -19"><span class='ocrx_word' id='word_1_262' title='bbox 132 3940 221 3992; x_wconf 88' lang='lat' dir='ltr'><strong>locum</strong></span> <span class='ocrx_word' id='word_1_263' title='bbox 241 3943 276 3993; x_wconf 81' lang='lat' dir='ltr'><strong>cl.</strong></span> <span class='ocrx_word' id='word_1_264' title='bbox 296 3943 381 3995; x_wconf 89' lang='lat' dir='ltr'><strong>schol.</strong></span> <span class='ocrx_word' id='word_1_265' title='bbox 400 3962 427 4010; x_wconf 92' lang='lat' dir='ltr'><strong>p.</strong></span> <span class='ocrx_word' id='word_1_266' title='bbox 448 3947 508 3999; x_wconf 88' lang='grc'><strong>178.</strong></span> <span class='ocrx_word' id='word_1_267' title='bbox 526 3966 557 3983; x_wconf 80' lang='lat'><strong>··-</strong></span> <span class='ocrx_word' id='word_1_268' title='bbox 579 3944 747 3997; x_wconf 88' lang='lat' dir='ltr'><strong>Vocabulum</strong></span> <span class='ocrx_word' id='word_1_269' title='bbox 766 3935 903 4010; x_wconf 74' lang='grc' dir='ltr'><strong>ἐχόλωσεν</strong></span> <span class='ocrx_word' id='word_1_270' title='bbox 926 3962 951 3996; x_wconf 85' lang='lat' dir='ltr'><strong>v.</strong></span> <span class='ocrx_word' id='word_1_271' title='bbox 975 3945 1040 3997; x_wconf 84' lang='grc'><strong>1037</strong></span> <span class='ocrx_word' id='word_1_272' title='bbox 1060 3944 1160 4010; x_wconf 84' lang='lat' dir='ltr'><strong>legitur</strong></span> <span class='ocrx_word' id='word_1_273' title='bbox 1178 3960 1244 3994; x_wconf 86' lang='lat' dir='ltr'><strong>sanc</strong></span> 
     </span>
     <span class='ocr_line' id='line_1_35' title="bbox 132 4021 1244 4098; baseline 0.002 -21"><span class='ocrx_word' id='word_1_274' title='bbox 132 4043 176 4093; x_wconf 86' lang='lat' dir='ltr'><strong>ap.</strong></span> <span class='ocrx_word' id='word_1_275' title='bbox 196 4030 273 4093; x_wconf 67' lang='lat' dir='ltr'><strong>Hes„</strong></span> <span class='ocrx_word' id='word_1_276' title='bbox 290 4030 339 4080; x_wconf 87' lang='lat' dir='ltr'><strong>sed</strong></span> <span class='ocrx_word' id='word_1_277' title='bbox 361 4047 431 4096; x_wconf 76' lang='lat' dir='ltr'><strong>quaa</strong></span> <span class='ocrx_word' id='word_1_278' title='bbox 456 4032 541 4083; x_wconf 88' lang='lat' dir='ltr'><strong>schol.</strong></span> <span class='ocrx_word' id='word_1_279' title='bbox 565 4048 592 4098; x_wconf 82' lang='lat' dir='ltr'><strong>p.</strong></span> <span class='ocrx_word' id='word_1_280' title='bbox 616 4033 665 4083; x_wconf 77' lang='grc'><strong>162</strong></span> <span class='ocrx_word' id='word_1_281' title='bbox 685 4030 819 4095; x_wconf 87' lang='lat' dir='ltr'><strong>expositio</strong></span> <span class='ocrx_word' id='word_1_282' title='bbox 837 4038 879 4081; x_wconf 88' lang='lat' dir='ltr'><strong>est</strong></span> <span class='ocrx_word' id='word_1_283' title='bbox 898 4021 1052 4081; x_wconf 71' lang='grc' dir='ltr'><em>ἔπίσσωσεν</em></span> <span class='ocrx_word' id='word_1_284' title='bbox 1070 4030 1170 4081; x_wconf 85' lang='lat' dir='ltr'><strong>ibidem</strong></span> <span class='ocrx_word' id='word_1_285' title='bbox 1190 4046 1244 4080; x_wconf 91' lang='lat' dir='ltr'><strong>non</strong></span> 
     </span>
     <span class='ocr_line' id='line_1_36' title="bbox 133 4111 1242 4183; baseline 0.004 -20"><span class='ocrx_word' id='word_1_286' title='bbox 133 4120 256 4180; x_wconf 82' lang='lat' dir='ltr'><strong>apparet.</strong></span> <span class='ocrx_word' id='word_1_287' title='bbox 282 4144 317 4155; x_wconf 85' lang='lat'><em>-</em></span> <span class='ocrx_word' id='word_1_288' title='bbox 341 4118 407 4169; x_wconf 87' lang='lat' dir='ltr'><strong>Hes.</strong></span> <span class='ocrx_word' id='word_1_289' title='bbox 432 4111 563 4170; x_wconf 76' lang='grc' dir='ltr'><em>ἀκόπετα</em></span> <span class='ocrx_word' id='word_1_290' title='bbox 590 4118 644 4169; x_wconf 85' lang='lat' dir='ltr'><strong>alio</strong></span> <span class='ocrx_word' id='word_1_291' title='bbox 668 4123 787 4183; x_wconf 82' lang='lat' dir='ltr'><strong>spectat,</strong></span> <span class='ocrx_word' id='word_1_292' title='bbox 812 4133 865 4167; x_wconf 90' lang='lat' dir='ltr'><strong>nou</strong></span> <span class='ocrx_word' id='word_1_293' title='bbox 890 4119 925 4168; x_wconf 89' lang='lat' dir='ltr'><strong>ad</strong></span> <span class='ocrx_word' id='word_1_294' title='bbox 949 4119 995 4168; x_wconf 86' lang='lat' dir='ltr'><strong>Tr.</strong></span> <span class='ocrx_word' id='word_1_295' title='bbox 1021 4133 1047 4169; x_wconf 88' lang='lat' dir='ltr'><strong>v.</strong></span> <span class='ocrx_word' id='word_1_296' title='bbox 1068 4119 1148 4178; x_wconf 73' lang='lat'>10443</span> <span class='ocrx_word' id='word_1_297' title='bbox 1169 4124 1198 4167; x_wconf 88' lang='lat' dir='ltr'><strong>at</strong></span> <span class='ocrx_word' id='word_1_298' title='bbox 1217 4134 1242 4167; x_wconf 86' lang='lat' dir='ltr'><strong>v.</strong></span> 
     </span>
    </p>
   </div>
   <div class='ocr_carea' id='block_1_9' title="bbox 132 4192 1244 4356">
    <p class='ocr_par' dir='ltr' id='par_1_12' title="bbox 132 4192 1244 4356">
     <span class='ocr_line' id='line_1_37' title="bbox 135 4192 1244 4268; baseline 0.001 -17"><span class='ocrx_word' id='word_1_299' title='bbox 135 4200 199 4251; x_wconf 76' lang='grc'><strong>1067</strong></span> <span class='ocrx_word' id='word_1_300' title='bbox 219 4192 339 4265; x_wconf 57' lang='lat' dir='ltr'><strong>bopsi·</strong></span> <span class='ocrx_word' id='word_1_301' title='bbox 365 4195 472 4257; x_wconf 71' lang='grc' dir='ltr'><em>ἐκτίνει</em></span> <span class='ocrx_word' id='word_1_302' title='bbox 491 4222 545 4258; x_wconf 89' lang='lat' dir='ltr'><strong>non</strong></span> <span class='ocrx_word' id='word_1_303' title='bbox 563 4206 675 4258; x_wconf 88' lang='lat' dir='ltr'><strong>multum</strong></span> <span class='ocrx_word' id='word_1_304' title='bbox 701 4206 829 4256; x_wconf 86' lang='lat' dir='ltr'><strong>abhorret</strong></span> <span class='ocrx_word' id='word_1_305' title='bbox 848 4206 882 4256; x_wconf 83' lang='lat' dir='ltr'><strong>ab</strong></span> <span class='ocrx_word' id='word_1_306' title='bbox 901 4207 967 4256; x_wconf 78' lang='lat' dir='ltr'><strong>Hes.</strong></span> <span class='ocrx_word' id='word_1_307' title='bbox 988 4196 1107 4268; x_wconf 71' lang='grc' dir='ltr'><strong>ᾇοφεί·</strong></span> <span class='ocrx_word' id='word_1_308' title='bbox 1127 4202 1244 4253; x_wconf 71' lang='lat' dir='ltr'><strong>aaroni·</strong></span> 
     </span>
     <span class='ocr_line' id='line_1_38' title="bbox 132 4278 412 4356; baseline 0.021 -22"><span class='ocrx_word' id='word_1_309' title='bbox 132 4299 182 4335; x_wconf 73' lang='grc' dir='ltr'><em>νει.</em></span> <span class='ocrx_word' id='word_1_310' title='bbox 208 4278 412 4356; x_wconf 68' lang='grc' dir='ltr'><em>ἀναλαμβάνοι.</em></span> 
     </span>
    </p>
   </div>
   <div class='ocr_carea' id='block_1_10' title="bbox 0 0 1483 5024">
    <p class='ocr_par' dir='ltr' id='par_1_13' title="bbox 0 0 1483 5024">
     <span class='ocr_line' id='line_1_39' title="bbox 0 0 1483 5024; baseline 0 0"><span class='ocrx_word' id='word_1_311' title='bbox 0 0 1483 5024; x_wconf 95' lang='lat' dir='ltr'><strong> </strong></span> 
     </span>
    </p>
   </div>
  </div>
 </body>
</html>
