2948 5024
581 420 784 479 -11-
1183 420 1242 480 159

220 590 289 651 156.
313 584 487 662 πάντας·
508 580 698 667 Ζηνόδοτος
716 577 857 667 πάντη.
879 585 920 645 Α.

217 694 287 753 161.
319 684 511 771 Ζηνόδοτος
539 683 576 749 δὲ
599 680 825 767 λάψαντες,
854 685 1096 767 ίμπλησθεῑσιν
1118 681 1244 764 αότοδς
1319 760 1330 767 ,

128 787 279 874 εἰκάζων,
300 785 343 854 οό
366 792 475 866 καλοῖς
569 786 671 851 ABL.
1213 786 1215 789 ’

216 913 287 972 175.
321 903 386 973 ὅν·
422 907 523 992 χωρὶς
551 909 653 971 τοῦτ
681 899 728 969 δν
751 907 871 970 τέκεν
893 899 1120 995 Ἀρίσταρχος,
1151 903 1241 973 οὕτω

127 1010 182 1074 καί
201 1005 453 1094 Ἀριστοφάνης.
477 1011 519 1073 A.
1237 1064 1241 1069 .

212 1115 282 1178 188.
317 1110 523 1195 ἐξάγαγεν
548 1107 741 1193 φάυςδε·
771 1103 879 1187 οὕτως
908 1109 963 1174 καὶ
989 1105 1241 1198 Ἀριστοφάνης,

126 1211 312 1296 φάτιςδε.
334 1209 524 1296 Ζηνόδοτος
546 1208 583 1277 δὲ
606 1208 869 1295 προφόωςδε.
892 1212 933 1277 Α.

213 1334 286 1396 207.
306 1325 518 1415 Ἀρίσταρχος
537 1325 648 1406 Ἰακοίς
669 1325 783 1414 θαμά
805 1328 958 1414 βάζετε.
980 1332 1021 1396 A.

214 1435 286 1499 223.
311 1427 513 1517 άγεσθαι·
533 1429 722 1517 Ζηνόδοτος
745 1431 800 1497 καί
809 1426 1049 1516 Ἀριστοφάνης
1066 1431 1101 1499 ίό
1109 1458 1184 1502 ντι.
1199 1439 1240 1501 A.

210 1538 282 1600 227.
305 1530 326 1601 ό
333 1559 386 1600 τι·
409 1529 517 1612 οὕτως
537 1530 747 1618 Ἀρίσταρχος
770 1528 791 1599 ό
798 1558 853 1599 τι·
887 1528 983 1599 ἄλλοι
1005 1532 1042 1598 δὲ
1064 1531 1120 1600 διά
1142 1543 1203 1602 τοῦ
1225 1551 1241 1603 ε

126 1632 209 1701 ὅτε.
231 1639 273 1702 A.
307 1637 452 1703 01Β1..
1045 1665 1047 1667 >

211 1758 283 1820 228.
307 1749 418 1833 οὕτως
437 1750 649 1840 Ἀρίσταρχος
669 1753 711 1820 τό
731 1756 779 1840 ῥα
801 1751 858 1820 διά
880 1758 941 1820 τοῦ
962 1752 1038 1835 ἑνός
1059 1781 1088 1838 ρ.
1113 1758 1154 1821 Α.

211 1861 295 1940 [234.
327 1859 627 1943 δυσχειμέρου·
651 1856 776 1939 οἱπερὶ
798 1856 991 1942 Ζηνόδοτον
1010 1863 1239 1939 πολυπίδακος

127 1959 192 2023 κτὲ.
214 1959 255 2023 V.
269 1960 298 2042 ?]

212 2061 296 2149 [237.
318 2060 508 2146 Ζηνόδοτος
530 2055 611 2125 οὐδὲ
632 2056 767 2145 γράφει,
783 2056 1024 2150 Ἀριστοφάνης
1039 2060 1162 2131 άθετεῑ.
1184 2067 1239 2154 V.]

209 2165 282 2228 252.
307 2164 407 2245 διχῶς
429 2160 604 2247 γράφεται,
625 2162 680 2229 καὶ
700 2161 802 2229 σόον
824 2163 879 2230 καί
900 2166 1011 2233 σάου.
1034 2169 1074 2232 A.

208 2267 280 2328 254.
304 2258 413 2341 οὕτως
436 2258 629 2348 άπέθηκε
651 2261 708 2330 διὰ
730 2271 792 2331 τοῦ
811 2291 842 2332 α.
865 2267 908 2333 A.

217 2368 290 2432 261.
312 2403 356 2418 ·-
377 2359 492 2449 ἠθέτει
515 2367 569 2430 καὶ
584 2361 829 2451 Ἀριστοφάνης.
847 2370 888 2432 A.

217 2465 426 2551 Ἀρίσταρχος
445 2470 616 2552 ἔχοντας
634 2464 689 2532 διά
711 2471 773 2532 τοῦ
796 2493 827 2552 α,
850 2468 906 2534 καί
925 2465 1061 2535 ἅπασαι.
1091 2474 1132 2536 A.

209 2569 294 2658 [272.
314 2608 357 2618 -
378 2571 548 2645 Σέλευκος
570 2568 606 2633 δὲ
629 2563 753 2634 άθετεῖ.
776 2569 830 2658 V.]
921 2592 923 2597 ·

213 2673 284 2735 281.
312 2671 365 2736 Of.
388 2671 430 2736 V.

217 2756 290 2836 290.
309 2766 521 2857 Ἀρίσταρχος
538 2765 651 2848 'sams
670 2764 691 2835 ά
699 2770 775 2854 μφὶ
798 2746 999 2856 φόβηθεν.
1031 2774 1073 2839 Α.

213 2874 298 2962 [313.
333 2869 576 2959 Ἀριστοφάνης
600 2869 907 2958 ὑφορμηθὲντα
928 2869 1001 2940 άντὶ
1024 2880 1084 2940 τοῦ
1106 2869 1240 2959 ὑποχω-

125 2973 291 3061 ρήσαντα·
325 2978 380 3041 καὶ
403 2971 467 3041 οόκ
489 2971 604 3061 άχαρις
634 2971 802 3061 ἡγραφή.
836 2976 918 3066 BL]
954 2978 1072 3043 Brevis
1103 3003 1241 3044 censura

125 3078 308 3165 Didymum
331 3082 428 3166 sapit,
448 3077 492 3143 cf.
518 3080 638 3142 0252.

208 3182 280 3244 353.
301 3174 410 3259 οὕτως
429 3181 530 3245 αἵτε
552 3181 723 3263 θηλυκοῖς,
745 3179 782 3243 αί
798 3172 874 3256 όίες.
899 3181 940 3243 A.

213 3298 297 3385 [365.
329 3295 397 3366 ὅτε
420 3323 461 3365 τε
483 3296 604 3376 Ζεός·
629 3293 712 3363 όταν
738 3297 773 3362 ἐκ
799 3302 857 3382 της
878 3298 1014 3381 αίθέρος
1036 3292 1054 3364 ό
1077 3297 1163 3378 Ζεδς
1185 3301 1240 3366 ἐκ·

126 3403 218 3486 τείνῃ
247 3404 404 3466 λαίλαπα.
447 3401 485 3465 ἐν
515 3399 552 3466 δὲ
581 3410 651 3476 τοῖς
680 3393 897 3484 ὑπομνήμασι
925 3398 1008 3466 κατά
1038 3399 1176 3486 δοτικὴν
1197 3393 1240 3486 ἦν

42 3500 49 3509 ’
124 3505 309 3587 λαίλαπι,
337 3498 385 3568 ἵν’
418 3494 591 3589 ᾗότανό
622 3496 709 3579 Ζεός
742 3501 780 3566 ἐν
816 3507 950 3568 λαίλαπι
989 3507 1172 3590 παρατείνη
1200 3501 1239 3568 τά

125 3603 223 3686 νέφη.
246 3603 330 3690 LV.]
509 3598 510 3603 ¹
674 3618 675 3621 ’
703 3597 706 3603 ’
740 3594 741 3599 ¹

209 3723 283 3784 379.
306 3715 691 3805 ἀνεκυμβαλίαζον·
707 3716 817 3799 οὕτως
831 3717 1042 3807 Ἀρίσταρχος
1056 3716 1240 3806 άνακυμ-

124 3822 330 3904 βαλίαζον
360 3817 416 3886 διά
448 3825 509 3885 τοῦ
542 3846 573 3885 α.
608 3819 651 3887 οὐ
679 3818 744 3907 γάρ
771 3821 927 3890 ἑκάστοτε
947 3821 986 3889 τά
1009 3822 1160 3890 σύνθετα
1179 3847 1240 3909 με-

125 3923 281 4008 ταβάλλει
304 3917 394 4005 παρά
409 3915 607 3998 τοῑςἼυσιν.
631 3923 726 3990 άλλοι
743 3922 780 3990 δὲ
795 3922 1175 4013 άνεκυρβαλίαζον.
1197 3929 1238 3991 Α.

206 4047 280 4108 406.
309 4041 403 4109 ἕλκε
424 4038 524 4127 χωρίς
546 4044 609 4105 τοῦ
630 4067 643 4107 ι
662 4037 874 4132 Ἀρίσταρχος
896 4047 951 4111 καί
975 4044 1047 4130 ἑξῆς
1073 4048 1164 4133 (409)
1194 4040 1240 4121 ὡς
1313 4082 1317 4087 ·

125 4139 195 4209 ἕλκ’
218 4144 255 4209 ἐκ
274 4146 420 4228 δίφροιο.
443 4144 485 4209 A.

125 4345 156 4406 A
190 4248 280 4409 (33⁰⁸
312 4243 597 4332 κεκλήγοντές
618 4293 625 4309 .
646 4293 653 4307 .
677 4243 715 4308 ἐν
737 4250 777 4332 τῇ
799 4246 895 4336 ἑτέρᾳ
922 4253 991 4313 τῶν
1009 4243 1237 4332 Ἀριστάρχου.

158 4391 166 4406 .
236 4346 306 4410 .V.
