2962 5018
1199 422 1258 486 291

148 595 200 637 res
229 574 429 640 Schneidero
460 579 559 642 cessit
590 578 838 646 Hemsterhusio
876 593 1053 668 praeeunte
1083 586 1260 670 corrigenti

148 699 180 761 p.
201 681 238 739 15
271 676 326 740 acl
355 676 392 743 ἐν
420 675 600 766 Γηρυτάδῃ
631 680 682 767 (ἐν
702 676 887 766 Antronas,
915 685 1019 769 possit
1039 694 1072 748 et
1093 684 1130 748 ἐν
1147 680 1260 774 londa)

148 777 356 860 σαφέστερον
384 773 520 864 οἶδενῆ
548 777 694 848 'vanata
713 782 874 866 Δίδυμος.
921 783 1037 848 Statim
1066 787 1163 870 enim,
1186 811 1261 853 cum

149 878 182 940 in
205 877 291 942 hunc
315 879 422 945 locum
444 883 561 965 incidi,
592 884 766 947 memoriae
790 884 1027 949 obversabatur
1048 886 1138 951 locus
1161 889 1260 953 simil·

148 978 225 1044 limo
250 981 377 1046 scribae
409 983 503 1070 lapsu
530 985 770 1048 contaminatus
792 986 828 1048 in
849 985 950 1050 schol.
970 986 1068 1053 Hom.
1089 989 1257 1076 Odyssb

149 1083 225 1164 224,
258 1084 364 1168 quode
386 1082 543 1148 habemus
569 1084 812 1150 adnotationem
836 1085 997 1151 Meinekii
1029 1090 1127 1155 anall.
1157 1091 1254 1156 Alex.

147 1206 179 1268 p.
205 1185 274 1246 184.
320 1183 482 1268 Vulgatur
503 1185 552 1249 ibi
573 1179 591 1249 ὁ
615 1182 652 1251 δὲ
674 1180 830 1270 Εὔρυτος
848 1180 1032 1254 Ἀπόλλωνι
1054 1185 1190 1276 ἤρισεν,
1213 1187 1259 1270 ὡς

148 1282 185 1348 ἐν
201 1277 311 1349 Ἰλιάδι
327 1285 431 1368 φησὶν
454 1280 545 1350 ‘odo'
562 1280 708 1375 Εὐρύτῳ
727 1288 801 1353 κτὲ’
822 1290 945 1377 (Apoll.
959 1291 1021 1356 Rh.
1034 1292 1051 1355 l
1065 1295 1132 1378 88).
1155 1295 1258 1379 Egre-

146 1387 234 1469 giam
259 1387 483 1452 confusionem
509 1388 728 1454 Buttmannus
757 1390 986 1474 adnotaverat,
1018 1393 1162 1459 Meinelr.
1186 1394 1207 1458 l.
1229 1417 1257 1458 c.

147 1486 221 1551 coll.
245 1488 351 1552 Gaisf.
370 1489 413 1552 ad
434 1489 569 1554 Hesiod.
594 1491 627 1553 in
649 1501 735 1577 poet.
759 1491 818 1556 Gr.
840 1493 955 1557 minor.
971 1493 988 1556 l
1005 1517 1037 1580 p.
1054 1499 1112 1560 113
1134 1497 1257 1582 primus

147 1590 333 1655 emendavit
355 1585 402 1667 ὡς
421 1585 624 1674 Ἡλιόδωρος
653 1590 693 1657 h.
709 1615 738 1657 c.
768 1585 813 1670 aig
831 1588 1065 1671 Ἀπολλώνιος.
1111 1597 1258 1662 Gaisfor·

147 1690 237 1754 diurn
255 1701 287 1756 et
300 1692 447 1757 Bastium
471 1695 504 1757 in
519 1714 634 1757 comm.
654 1693 819 1779 palaeogr.
835 1716 866 1779 p.
886 1697 947 1759 834
969 1696 1003 1758 in
1019 1718 1137 1761 caussa
1159 1698 1258 1762 simili

146 1801 326 1857 antestatus
349 1803 399 1859 est
420 1795 517 1859 etiam
534 1793 676 1859 Cobetus
698 1795 742 1859 ad
762 1816 832 1880 arg.
845 1796 916 1860 cod.
930 1795 969 1859 R.
986 1797 1066 1861 Eur.
1079 1797 1153 1862 Alc.
1171 1821 1203 1884 p.
1217 1802 1256 1863 25

147 1893 291 1958 Wzschl.
336 1896 486 1961 Eandem
512 1897 737 1961 confusionem
764 1898 940 1962 observavi
960 1900 993 1961 in
1017 1899 1081 1964 lex.
1105 1899 1256 1986 chrysop.

146 1994 226 2059 bibl.
255 1996 394 2083 Rehdig.
422 1997 504 2062 1111
534 2021 565 2062 n.
591 2003 639 2063 17.
684 1997 799 2063 Scribo
825 2000 926 2084 igitur
952 1999 1007 2065 aul
1035 1995 1257 2078 Ἀπολλώνιος

146 2098 353 2182 σαφέστερον
390 2095 483 2165 οἶδεν
507 2093 551 2188 [ἢ]
577 2097 660 2166 κατά
689 2101 755 2187 (γε)
788 2102 962 2185 Δίδυμον,
996 2124 1093 2188 quam
1122 2101 1257 2189 phrasin

145 2198 355 2266 illustrabunt
375 2202 478 2267 verba
499 2202 664 2267 Eustathii
683 2203 717 2266 in
739 2225 788 2290 pr.
811 2202 906 2267 Pind.
930 2206 980 2285 60,
1004 2205 1040 2265 21
1066 2205 1100 2267 οἳ
1121 2201 1176 2267 καὶ
1196 2226 1257 2268 πε-

146 2299 319 2383 ριάγονται
341 2299 483 2385 μάλιστα
506 2300 562 2368 διὰ
585 2300 626 2369 τὰ
648 2299 948 2384 ἆνθρωπικώτεροι
966 2298 1123 2369 εἶναικαὶ
1141 2299 1256 2388 ὀλιγό-

146 2411 252 2486 μυθοι
280 2405 335 2466 καὶ
363 2399 447 2487 μηδὲ
476 2403 569 2469 πάνυ
591 2407 679 2488 ἔχειν
702 2398 871 2488 ἀσαφῶς
892 2401 993 2468 κατά
1014 2427 1058 2485 γε
1076 2400 1122 2468 τὰ
1144 2400 1255 2472 ἄλλα.

148 2504 199 2568 Of.
223 2505 321 2568 etiam
342 2504 443 2569 schol.
468 2505 574 2570 Rann.
598 2511 660 2570 504
679 2501 903 2580 Ἀπολλώνιος
918 2503 954 2568 δὲ
975 2501 1016 2569 οὐ
1036 2509 1147 2582 κακῶς
1168 2501 1256 2572 ὑπο-

118 2675 122 2681 ,
145 2609 335 2688 νενοήσθαί
353 2624 436 2689 φησι
457 2608 696 2694 κωμῳδεῖσθαί
713 2630 798 2672 τινα.
834 2609 858 2690 (1
867 2609 1047 2684 Apollonius
1072 2613 1255 2672 Verstoend·

145 2714 206 2771 nr'ss
229 2713 283 2772 der
302 2713 393 2774 Stella
412 2717 449 2774 ist
465 2715 704 2775 etalerrchtender
719 2714 758 2772 im
782 2711 981 2770 Vertoennm
997 2730 1038 2771 zu
1053 2710 1254 2795 Didymas”).

147 2808 299 2874 Ceterum
325 2812 549 2892 meminerint,
566 2810 701 2890 velim,
733 2807 871 2872 lectores
899 2806 1015 2872 scholii
1039 2808 1135 2873 Pind.
1158 2809 1254 2895 Pyth.

145 2910 250 2992 Vlla,
268 2911 325 2975 uhi
339 2935 356 2975 e
370 2914 558 2976 coniectura
572 2909 660 2974 hand
675 2906 882 2994 improbabili
898 2910 1088 2996 scripsimus
1110 2900 1128 2973 ὁ
1144 2907 1255 2974 atAt-

145 3011 250 3095 δυμος
261 3006 489 3079 Ἀπολλωνίου
511 3007 741 3094 ἁπλούστερον
762 3004 879 3075 ἀκούει
901 3011 957 3098 (fr.
975 3013 1041 3095 28).
1064 3033 1095 3097 p.
1120 3012 1192 3074 227.

228 3113 378 3178 Alterum
414 3120 638 3198 argumentum
674 3132 694 3175 a
726 3121 841 3198 poetae
873 3111 1106 3199 interpretibus
1140 3121 1253 3197 repeto

144 3214 420 3301 scriptoribusque
441 3215 476 3278 in
498 3212 631 3277 scholiis
655 3212 806 3295 laudatis,
830 3235 968 3300 quorum
989 3214 1121 3300 plurimi
1141 3213 1254 3278 iidem·

144 3340 206 3404 que
234 3317 423 3403 saepissime
450 3314 591 3399 respecti
619 3323 651 3378 et
679 3323 754 3379 ante
782 3314 962 3401 Didymum
994 3315 1127 3379 fuerunt
1156 3323 1189 3379 et
1211 3338 1255 3380 ex

107 3460 111 3468 ·
142 3419 316 3505 Didymeis
348 3416 550 3502 potissimum
581 3417 823 3481 commentariis
857 3418 891 3480 in
921 3417 1004 3481 alios
1038 3424 1151 3501 poetas
1178 3436 1253 3480 con·

143 3521 272 3604 scriptis
294 3516 527 3581 inclaruerunt.
572 3516 640 3596 Qui
668 3526 792 3582 restant
813 3518 1002 3603 paucissimi
1031 3538 1165 3580 numero
1188 3538 1254 3580 non

142 3620 237 3683 modo
259 3617 433 3681 admodum
455 3638 529 3680 raro
551 3618 755 3683 advocantur
762 3667 771 3700 ,
806 3617 865 3681 sed
893 3617 967 3681 aliis
995 3618 1093 3680 etiam
1120 3616 1252 3681 scholiis

142 3719 300 3802 gliscente
321 3725 467 3801 tempore
494 3719 541 3780 sic
563 3718 667 3782 adlini
689 3717 853 3798 solebant,
882 3738 1019 3802 quorum
1041 3715 1253 3780 fundamenta

142 3839 162 3880 a
189 3815 334 3901 Didymo
362 3817 448 3880 iacta
474 3836 545 3880 esse
572 3826 710 3882 constat.
762 3816 814 3881 Ab
847 3816 898 3880 his
929 3817 1030 3901 igitur
1063 3825 1099 3879 ut
1133 3816 1252 3899 ordiar,

140 3916 402 3980 Herodianus
435 3938 509 3980 curn
540 3916 761 4004 Tryphone
789 3927 821 3982 et
844 3916 1019 3982 Charete
1040 3919 1252 3983 antecessori·

140 4017 201 4081 bus
235 4038 313 4080 num
342 4037 425 4102 quae
451 4018 485 4080 in
513 4017 638 4083 scholia
664 4039 730 4082 non
751 4018 891 4105 irrupit?
923 4016 1150 4084 Sallustius
1172 4040 1251 4084 vero
1352 4018 1362 4027 “

142 4116 206 4202 (ΡΙ.
220 4117 307 4201 725),
332 4117 423 4180 cuius
446 4117 644 4204 hypotheses
672 4120 769 4182 etiam
791 4119 833 4181 ad
853 4115 1023 4203 Sophoclis
1046 4117 1176 4182 fabulas
1197 4141 1252 4183 cx-

119 4218 287 4300 ·stabant,
324 4204 645 4305 Cephisodemus
675 4220 776 4306 (Avv.
801 4220 912 4303 1294),
947 4218 1087 4282 fortasse
1107 4218 1252 4304 Didymo

141 4318 291 4382 laudatus
311 4318 384 4383 coll.
408 4318 555 4406 Hesych.
577 4315 766 4401 καλάσιρις·
797 4317 900 4402 χιτών
922 4315 1147 4402 πλατύσημος,
1169 4319 1251 4382 Ire·

981 4418 1043 4479 19*
