2962 5024
1198 423 1258 485 235
1354 448 1365 464 ·

150 587 245 668 ψέγει
267 583 514 668 intellegerent,
536 583 699 669 Didymus
724 578 849 649 οὐδένα
865 585 952 662 uste>
973 588 1081 651 veitit.
1126 590 1260 653 Δίδυ-

148 710 221 771 μος
239 684 294 768 δέ,
320 678 444 749 οὐδένα
465 684 572 768 ψέξαι,
595 688 696 767 φησί,
722 683 777 749 καὶ
799 680 851 750 ὅτι
872 681 1058 751 τούποούκ
1080 683 1259 768 ἀλλότριον

149 790 211 853 τοῦ
232 782 424 868 Πινδάρου,
453 781 536 851 ἀλλά
637 781 744 851 πολλά
764 782 828 869 γάρ
851 780 942 874 αὐτῷ
964 791 1101 853 τοιαῦτα
1122 794 1258 871 εἴρηται.

152 885 310 955 τοῦτοδὲ
332 890 432 971 λέγει,
454 885 542 970 παρό
557 886 719 955 είάδασιν
742 890 776 953 οί
795 895 927 955 πολῖται
950 884 1000 954 ἀεὶ
1024 897 1172 972 φθονεῖν
1192 904 1262 971 τοῖς

150 991 232 1059 κατά
251 1015 283 1057 τι
305 990 495 1075 προέχουσι.
541 987 597 1056 διά
620 987 721 1056 τοῦτο’
742 1007 848 1074 φησιν
867 984 886 1054 ὁ
907 993 1077 1078 Πίνδαρος
1099 992 1192 1069 ξένος
1212 988 1259 1058 εί-

149 1118 205 1159 ναι
232 1092 286 1157 καὶ
311 1087 371 1156 τὸν
399 1087 575 1156 σκοτεινὸν
596 1088 706 1173 ψόγον
730 1085 863 1156 άποδεν
891 1093 989 1173 ἔχειν.
1043 1092 1098 1156 καὶ
1124 1086 1259 1179 οὐδένα,

149 1197 247 1279 φησί,
275 1193 378 1278 ψέξαι,
409 1188 593 1277 μᾶλλονδὲ
614 1188 651 1257 τό
672 1193 767 1268 κλέος
787 1187 824 1255 τὸ
846 1186 972 1274 ἀληθές
1001 1188 1114 1276 ὥσπερ
1136 1189 1260 1274 ὕδατος

147 1291 227 1380 δυάς
247 1297 293 1371 είς
316 1298 377 1358 τὸν
392 1296 493 1376 φίλον
516 1288 609 1377 άγων
624 1289 732 1373 ἀνδρα
751 1292 890 1375 αἰνέσω,
911 1286 956 1369 ὡς
975 1287 1070 1378 ὕδωρ
1090 1291 1256 1380 ὀχετηγός.

147 1391 192 1473 sig
215 1392 278 1478 γάρ
306 1394 432 1471 ἐκεῖνος
454 1389 592 1479 ἀμφυτά
615 1395 662 1481 (λ)
693 1391 787 1476 ἀγων
815 1389 852 1457 τό
877 1387 972 1476 ὕδωρ
995 1394 1048 1460 έπλ
1070 1393 1109 1461 τά
1135 1398 1259 1481 δένδρα

147 1498 262 1580 τρέφει
283 1491 384 1579 αὐτά,
413 1490 503 1560 οὕτω
526 1488 618 1578 κάγῶ
642 1489 700 1571 τάς
719 1498 782 1558 τοῦ
804 1488 917 1575 ὕμνου
945 1491 1024 1579 ῥοάς
1047 1497 1099 1562 ἐπὶ
1120 1494 1182 1564 τὸν
1200 1505 1259 1583 φί-

147 1603 208 1663 λον
231 1591 340 1682 άνδρα
368 1597 533 1662 ἐπαινέσω
556 1594 611 1660 καλ
637 1590 773 1677 αὐξήσω
796 1596 834 1659 τὸ
857 1595 960 1673 κλέος.

230 1692 382 1781 Ἀμφυτά
408 1708 464 1764 sut
490 1721 532 1762 ex
561 1695 772 1783 sequentibus
801 1697 953 1780 ἔμφυτον
980 1694 1044 1781 γάρ
1070 1711 1138 1778 τοῖς
1164 1707 1260 1768 πολί-

147 1824 220 1876 ταις
242 1808 365 1881 natum‚
389 1809 445 1864 aut
462 1822 505 1864 ex
522 1793 703 1877 άφαύστως
724 1801 1024 1889 corruptum-UH.
1039 1801 1059 1865 l.
1081 1803 1178 1866 etiam
1200 1805 1259 1870 Di-

148 1903 281 1989 dymum
304 1900 440 1965 Pindari
459 1923 525 1965 non
552 1900 760 1989 perspexisse
782 1911 922 1965 mentem
944 1901 1061 1966 decent
1080 1927 1163 1990 quae
1184 1906 1259 1971 Dis-

147 2026 216 2066 sen.
241 2025 272 2089 p.
299 2006 437 2067 431—3
465 2002 722 2090 explicatissime
752 2002 853 2084 dixit,
881 2025 995 2067 verum
1023 2005 1171 2071 revelare
1200 2008 1258 2072 Di-

147 2105 246 2191 dymo
274 2106 345 2191 ipse
366 2104 527 2169 Pindarus
549 2111 677 2190 poterat
698 2124 730 2165 v.
754 2106 794 2167 64
820 2102 885 2191 [94]
916 2097 1042 2187 Ἀχαιός
1065 2100 1107 2169 οὐ
1129 2110 1257 2191 μέμψε-

149 2208 204 2271 ταί
220 2201 258 2289 μ’
283 2201 378 2289 ἀνήρ.
674 2293 712 2352 51
904 2221 907 2225 ’

231 2408 336 2473 Inser.
360 2408 453 2473 Nem.
477 2411 513 2471 H
533 2407 620 2471 ἔνιοί
638 2424 721 2489 φασι
744 2407 889 2483 σταδιεῖς
913 2402 1019 2471 αὐτόν
1038 2430 1074 2472 τε
1092 2405 1153 2473 τὸν
1175 2417 1259 2476 Δει-

148 2512 224 2572 νίαν
253 2507 308 2573 καὶ
335 2506 397 2575 τόν
418 2507 559 2588 πατέρα,
589 2506 643 2571 καὶ
672 2510 772 2571 τοῦτο
798 2507 965 2591 βλέποντα
993 2504 1054 2571 τὸν
1081 2510 1257 2593 Πίνδαρον

148 2617 195 2695 (ν.
213 2613 267 2697 26)
293 2610 464 2683 ‘Aet'vuioc
483 2608 610 2671 δισσοῖν
632 2609 778 2673 σταδίων
800 2605 855 2669 καὶ
880 2603 1017 2688 πατρὸς
1041 2610 1156 2673 εἰπεῖν.
1200 2634 1257 2676 πα-

148 2711 235 2794 ρέχει
258 2712 313 2796 δέ,
337 2709 468 2794 φησὶν
493 2704 511 2774 ὁ
534 2711 738 2791 Δίδυμος,
761 2710 860 2772 τοῦτο
883 2702 1038 2803 ἀπορίαν,
1061 2704 1098 2772 τό
1120 2712 1259 2794 μηδέτε-

148 2836 210 2894 ρον
228 2807 342 2876 αὐτῶν
362 2811 399 2876 έν
421 2821 490 2887 τοῖς
511 2813 734 2894 Νεμεονίκαις
757 2802 1027 2890 ἀναγεγράφθαι.

232 2912 365 2975 Dissen.
384 2936 416 2999 p.
442 2915 503 2976 443
527 2920 694 3000 comparat
716 2910 817 2975 schel.
842 2908 956 2973 Isthm.
980 2910 997 2973 Ι
1021 2915 1068 2977 11.

675 3099 726 3161 52.

233 3213 326 3279 Nem.
348 3221 377 3282 Θ
399 3219 440 3279 95
462 3240 494 3303 p.
517 3221 579 3280 497
608 3208 704 3299 ἀμφ’
734 3210 881 3292 ἀκταῖς
898 3207 1093 3301 Ἑλώρου·
1116 3259 1160 3271 -
1182 3222 1257 3304 περὶ

148 3317 184 3381 δέ
212 3313 336 3381 τούτου
365 3321 427 3382 τοῦ
453 3318 602 3402 πολέμου
630 3320 766 3401 Τίμαιος
793 3315 830 3381 έν
857 3321 898 3402 τῇ
925 3316 1047 3404 δεκάτῃ
1076 3319 1254 3405 δεδήλωκε.

148 3415 304 3496 καθάπαξ
328 3417 410 3503 γάρ,
437 3415 578 3502 φησὶνὸ
602 3421 807 3503 Δίδυμος,
837 3413 1000 3502 οὐδεμίαν
1022 3415 1128 3503 άλλην
1147 3419 1258 3504 μάχην

147 3521 266 3603 έχομεν
298 3515 412 3601 εὑρεῖν
447 3520 522 3600 περὶ
557 3515 616 3584 τὸν
641 3514 793 3602 Ἕλωρον
826 3523 894 3584 τῶν
920 3517 1187 3603 συνηκμακότων
1212 3525 1258 3607 τῷ

148 3623 283 3705 Χρομίῳ
308 3616 503 3703 τυράννων,
533 3617 585 3685 ὅτι
612 3615 657 3703 μὴ
690 3619 755 3685 σύν
779 3616 987 3703 Ἱπποκράτει
1016 3623 1078 3684 τοῦ
1102 3620 1254 3697 Γέλωνος

149 3715 233 3795 πρὸς
260 3721 526 3798 Συρακουσίους.
571 3715 623 3783 ὅτι
650 3716 711 3800 μὲν
742 3709 806 3783 οὐν
826 3718 962 3784 Γέλωνα
993 3721 1170 3802 ἱππαρχεῖν
1195 3745 1257 3785 κα-

150 3816 307 3897 τέστησεν
332 3810 565 3901 Ἱπποκράτης,
600 3814 704 3901 σαφὲς
731 3815 749 3883 ὁ
787 3821 923 3900 Τίμαιος
954 3817 1085 3902 ποιησει
1115 3818 1257 3903 γράφον

149 3911 273 3993 οὕτως·
303 3911 520 4001 Ἱπποκράτης
548 3918 584 3984 δέ
605 3914 688 4003 μετά
711 3914 773 4001 τὴν
790 3917 989 4002 Κλεάνδρου
1008 3919 1166 4004 τελευτὴν
1189 3918 1256 4004 ἅμα

147 4015 210 4102 μὲν
231 4021 294 4082 τοῦ
322 4018 476 4095 Γέλωνος
502 4019 539 4084 έν
566 4023 605 4106 τῇ
632 4018 824 4104 τεταγμένη
850 4017 1089 4105 μεμενηκότος,
1125 4017 1193 4105 ἅμα
1219 4020 1256 4087 δὲ

146 4129 216 4197 τοῖς
235 4115 380 4197 Γελάοις
401 4122 602 4203 χαρίσασθαι
628 4116 852 4205 βουλόμενος,
882 4119 1181 4206 μεταπεμψάμενος
1199 4116 1256 4187 αὐ-

147 4217 207 4284 τόν
230 4219 284 4284 καὶ
313 4222 545 4304 παρακαλέσας
565 4219 650 4306 πρὸς
676 4220 733 4298 τάς
756 4219 907 4306 πράξεις,
930 4217 1089 4286 ἁπάντων
1109 4227 1178 4288 τοῖν
1198 4224 1255 4287 ίπ-

148 4318 239 4386 κέων
266 4320 457 4407 ἐπιμέλειαν
485 4322 602 4414 ἐκείνῳ
628 4325 810 4409 παρέδωκε.
866 4319 911 4404 ὡς
943 4322 980 4389 δὲ
1010 4322 1065 4388 καῖ
1091 4319 1109 4389 ὁ
1138 4325 1253 4395 Γέλων
