2964 5010
1206 405 1248 466 49

137 566 224 631 alius
252 563 396 627 auctoris
424 572 499 626 sunt
525 562 627 628 verba
648 562 1005 647 πραγματεύεσθαι-
1026 570 1165 632 δεῖπνον
1184 591 1249 633 σια-

139 673 310 748 poserem,
331 662 416 728 alins
437 664 590 746 σημαίνει
612 702 655 713 -ι
676 669 852 749 φλυαρῶν.
897 667 1126 749 Quaerendum
1150 669 1250 752 igitur

142 774 201 848 est,
221 765 330 852 priora
352 765 459 827 sintne
479 764 521 828 ab
541 786 606 830 11116
625 776 758 831 auctore
779 767 926 852 profecta
947 791 989 832 an
1011 790 1087 832 non.
1124 767 1165 831 In
1187 789 1250 855 qno

140 868 279 953 primum
290 865 351 930 hoo
363 864 463 929 velim
481 866 735 949 animadvertas,
753 866 841 954 qnod
852 890 936 955 quae
947 868 1036 956 apud
1049 869 1251 955 Hesychium

143 975 248 1032 exstat
285 967 382 1031 tertia
419 966 513 1032 verbi
545 989 688 1054 persona
723 965 870 1046 τευτάζει
902 977 1014 1055 aperte
1046 971 1251 1036 Pherecratis

139 1066 253 1132 comici
278 1077 393 1153 poetae
420 1067 526 1133 locum
553 1089 574 1132 a
593 1068 710 1134 Photio
738 1073 916 1136 excitatum
938 1073 1098 1153 intuetur,
1116 1080 1169 1152 ut,
1186 1072 1251 1135 cni-

138 1169 191 1233 cni
222 1170 346 1234 auctori
376 1168 564 1255 Hesychius
590 1191 650 1251 sua
678 1170 792 1254 debet,
824 1172 877 1237 hic
910 1180 1023 1258 aperte
1050 1172 1092 1236 ad
1121 1191 1251 1237 versum

136 1269 227 1335 illum
245 1269 451 1336 Pherecratio
474 1291 564 1334 suam
588 1271 839 1357 explicationem
862 1283 992 1360 aptasse
1017 1283 1051 1338 et
1071 1293 1251 1337 accommo-

137 1371 233 1436 dasse
261 1371 422 1436 videatur.
471 1370 569 1436 Hunc
596 1373 698 1456 igitur
725 1373 795 1459 ipso
815 1373 932 1439 Photio
953 1384 1085 1439 auctore
1106 1392 1250 1458 agnosco

136 1470 334 1565 Didymnm,
362 1494 383 1536 a
405 1472 576 1559 Pamphilo
607 1475 677 1538 sive
700 1473 909 1558 Diogeniano
931 1497 1004 1539 oum
1025 1475 1099 1539 aliis
1120 1476 1154 1538 111
1177 1495 1251 1539 6611·

137 1573 244 1639 dendo
264 1573 465 1660 amplissimo
487 1573 545 1638 illo
567 1573 674 1638 lexico
692 1573 885 1638 adhibitum.
922 1575 973 1640 Ac
994 1575 1159 1660 Didymus
1182 1575 1250 1661 qui·

137 1674 211 1739 dem
233 1674 321 1739 idem
338 1674 589 1760 Lycophronem
609 1677 914 1740 commemoratione
935 1675 1069 1760 dignum
1092 1695 1252 1738 66666611-

138 1777 219 1858 suit,
251 1775 338 1839 idem
361 1774 620 1857 Artemidorum,
656 1778 748 1841 611116
777 1777 965 1841 memoriam
987 1776 1158 1840 clariorem
1179 1776 1251 1841 red·
1310 1861 1311 1865 Ἰ

139 1874 224 1940 didit
253 1874 403 1939 Rankius
433 1876 474 1940 de
496 1876 640 1962 Hesych.
666 1900 699 1964 p.
726 1882 783 1943 103
806 1899 877 1964 sqq.
909 1880 978 1941 105.
1023 1874 1107 1939 Nam
1130 1875 1171 1939 16
1191 1895 1250 1939 1116

139 1998 214 2040 eum
235 1977 366 2040 tertiam
378 1977 554 2043 'addidisse
575 1976 668 2043 verbi
689 1976 859 2056 τευτάζειν
877 1978 1056 2058 notionem,
1076 1971 1127 2040 ὅτι
1142 1975 1249 2040 ἐνίοτε

138 2079 292 2160 σημαίνει
315 2075 371 2141 καὶ
392 2073 430 2142 τὸ
453 2080 654 2163 φροντίζειν,
676 2081 848 2166 quominus
870 2080 1040 2145 credamus
1063 2076 1172 2143 obstat
1194 2098 1249 2142 vo·

138 2177 247 2242 rabuli
269 2181 432 2260 τιροσθείς
458 2201 537 2244 usus
565 2181 864 2267 frequentissimns3
885 2218 930 2231 ·-
950 2191 1060 2245 tamen
1078 2178 1167 2266 quod
1188 2178 1249 2242 Ar·

137 2279 288 2345 temidori
309 2301 428 2345 nomen
448 2280 612 2346 adiectum
634 2282 796 2369 hodieque
818 2282 906 2368 apud
925 2281 1077 2347 Photinm
1099 2279 1248 2364 legimns,

138 2379 173 2444 id
202 2379 381 2466 Pamphili,
412 2403 508 2468 quem
538 2381 764 2466 Diogenianns
790 2383 980 2468 exscripsit,
1012 2381 1163 2465 religioni
1190 2401 1249 2445 nos

139 2480 258 2547 debere
289 2502 481 2568 persuasum
519 2481 641 2562 habeo,
679 2485 722 2549 ad
755 2506 853 2572 quem
880 2481 1093 2547 Heracleonis
1122 2501 1250 2567 quoque

139 2581 274 2667 Ephesii
295 2582 493 2646 mentionem
514 2580 720 2649 referendam
743 2607 815 2649 esse
836 2581 1007 2668 probabile
1028 2581 1109 2644 lacit
1128 2579 1251 2644 Ranlrii

140 2682 296 2747 iudicium
316 2704 395 2747 sane
416 2682 638 2748 firmissimum
662 2685 718 2770 (de
731 2683 878 2769 Hesych.
900 2704 933 2768 p.
953 2684 1010 2743 111
1027 2680 1104 2766 sq.).
1134 2680 1251 2765 Super·

141 2791 217 2846 sunt
236 2791 345 2848 11111611
367 2783 544 2867 nonnulla,
567 2805 651 2871 quae
673 2806 746 2848 cum
769 2786 803 2847 in
825 2782 934 2847 Photii
955 2789 1052 2868 atque
1075 2780 1251 2867 etymologi

139 2882 219 2948 locis
251 2893 319 2948 111111
351 2886 386 2948 in
416 2884 583 2970 Hesychio
616 2885 701 2949 male
732 2907 784 2950 me
815 2883 968 2949 habeant.
1017 2881 1167 2969 Namque
1194 2881 1251 2946 ubi

137 2987 278 3071 primum
289 2985 449 3072 Hesychii
466 2983 570 3049 verba
590 2985 703 3072 relegi,
725 2986 946 3072 maximopere
967 3006 1019 3048 me
1041 2984 1177 3049 offendit
1195 3005 1250 3049 vo·

58 3161 78 3188 ο
139 3085 291 3151 cabulnm
318 3080 473 3170 ἡσυχάζει
500 3087 587 3151 inter
614 3086 841 3174 Lycophronis
868 3086 1104 3172 explicationes
1133 3087 1249 3171 impor-

139 3199 217 3251 tune
235 3189 449 3270 interiectnm,
471 3208 535 3275 quo
558 3187 656 3253 lexici
676 3189 831 3254 rhetorici
846 3196 1011 3253 auctorem
1031 3210 1063 3250 v.
1081 3182 1250 3264 τευτάζειν

140 3290 386 3376 interpretaurm
409 3310 481 3354 esse
503 3290 710 3373 coniccimns,
732 3300 769 3355 ut
787 3290 819 3354 11.
835 3289 857 3354 1.
879 3290 913 3353 vi
932 3287 1163 3375 expellendum
1178 3308 1250 3351 6616

139 3391 301 3455 videatur.
346 3389 410 3455 Sed
439 3392 594 3456 attentius
621 3393 807 3480 inspicienti
836 3390 989 3455 Photinm
1015 3382 1251 3474 1161611611-

139 3492 273 3558 ticulam
295 3493 527 3558 disiunctivam
546 3494 820 3560 animadvertenti
840 3491 903 3554 hoc
923 3492 958 3555 in
979 3497 1122 3554 mentem
1142 3486 1252 3550 veniat

140 3618 274 3661 11666666
296 3605 361 3677 661,
384 3593 610 3681 Lycophronis
632 3596 712 3660 haec
732 3602 859 3659 tantum
887 3590 992 3675 verba
1018 3612 1090 3655 esse
1127 3603 1252 3669 στραγ-

142 3693 304 3780 γεύεσθαι
330 3694 387 3760 καὶ
418 3691 507 3761 sort
538 3698 723 3780 διατρίβειν
752 3694 789 3759 ἐν
817 3696 863 3780 τῷ
889 3688 990 3780 αὐτῷ.
1036 3689 1184 3769 Quodsi
1206 3689 1252 3752 ita

141 3807 200 3880 est,
225 3796 390 3885 Didymus
413 3797 643 3882 praecedentia
670 3795 774 3860 verba
794 3804 851 3856 aut
873 3793 1005 3855 omnino
1027 3811 1092 3853 non
1113 3789 1252 3872 scripsit,

26 3929 29 3936 ¹*
141 3909 198 3963 aut
230 3901 259 3962 si
293 3900 441 3986 scripsit,
484 3897 571 3984 quod
598 3897 640 3961 ad
665 3893 865 3959 credendum
894 3890 1074 3975 proclivem
1104 3909 1155 3951 me
1182 3908 1254 3951 esse

142 4001 265 4082 fateor,
316 4000 450 4065 aliunde
490 3998 659 4085 apposuit,
710 3994 851 4058 fortasse
891 3987 1118 4054 Eratosthenis
1155 3988 1257 4072 copiis

140 4122 236 4184 usus,
265 4102 308 4166 ad
337 4123 420 4188 quas
444 4123 486 4165 116
507 4099 606 4164 lexioi
629 4094 762 4183 quidem
783 4090 938 4156 rhetorici
966 4089 1126 4155 conditori
1149 4087 1256 4153 aditus

141 4201 332 4286 praeclusus
356 4211 452 4268 esset.
498 4201 638 4266 Tantum
667 4198 708 4264 16
730 4194 908 4280 Hesychio.
953 4192 1061 4258 Photii
1084 4189 1256 4277 explorare

139 4303 256 4384 fontes,
279 4313 315 4368 ut
336 4304 457 4370 abhoc
478 4302 550 4368 loco
568 4324 604 4366 re
623 4301 742 4382 aliena,
765 4295 972 4383 supersedeo,
994 4293 1138 4360 insiticia
1147 4301 1256 4358 tamen

191 4426 351 4469 1116111116.
1031 4396 1050 4454 l
