2962 5024
230 409 289 472 186
686 428 878 468 -α-

227 573 325 662 Soph.
355 573 461 638 Eleet.
493 576 562 637 135.
585 612 625 622 -
645 574 738 639 Haeo
770 575 968 641 observatio
989 574 1129 640 fortasse
1154 577 1197 641 ad
1218 576 1340 663 Odysa.

228 678 331 739 σ333
360 683 496 762 spectat.

767 886 798 928 α.

313 983 364 1045 38.
395 973 584 1064 Ἑρμείαν
612 978 858 1062 πέμψαντες·
889 979 1093 1065 ἐκπέμψατε·
1125 979 1249 1056 δυλιιοίς
1275 975 1341 1063 γάρ

231 1131 266 1145 ..
290 1129 298 1146 .
330 1075 439 1158 οὕτως
468 1077 504 1146 δέ
534 1078 590 1145 καὶ
605 1074 848 1163 Ἀριστοφάνης
866 1082 922 1148 καὶ
942 1080 1142 1167 Ζηνόδοτος.
1170 1081 1211 1162 Ω.
1232 1082 1339 1146 Corri-

227 1183 337 1267 genda
357 1183 437 1246 haee
460 1206 503 1247 ex
524 1182 617 1247 Harl.
637 1187 672 1246 11
678 1180 861 1264 έμψαντε
881 1186 1005 1261 avanae
1021 1177 1263 1268 Ἀριστοφάνης
1284 1180 1340 1247 καὶ

228 1280 435 1368 Ζηνόδοτος,
464 1286 519 1371 qui
546 1293 717 1370 praeterea
739 1282 821 1347 haec
848 1285 997 1350 adnotat:
1030 1279 1338 1369 ἡΜασσαλιωτικὴ

225 1381 349 1469 γράφει
392 1385 606 1470 πέμψαντε
640 1386 779 1460 Μαίας
811 1384 1034 1470 ἐρικυδέας
1071 1388 1148 1476 (sic)
1180 1381 1339 1469 άγλαδν

225 1485 335 1554 υίόν.
1217 1548 1219 1551 .

313 1589 378 1676 [52.
396 1584 675 1674 ὀλοόφρονος·
698 1584 902 1673 ἢγίγραπτο
914 1583 998 1654 κατὰ
1018 1583 1081 1672 τὴν
1092 1582 1232 1674 ἀρχαίαν
1253 1612 1338 1673 γρα-

227 1687 298 1775 φὴν
327 1685 515 1776 όλοόφρον,
556 1685 577 1756 ό
601 1690 693 1756 ἐστιν
720 1685 917 1774 όλοόφρων·
953 1683 1023 1753 εἶτά
1046 1713 1097 1766 τις
1130 1687 1176 1774 μὴ
1212 1688 1338 1775 νοήσας

226 1791 417 1876 προσέθηκε
440 1788 477 1858 τό
501 1816 546 1871 ος.
569 1793 659 1878 vulg.
680 1792 751 1858 Pal.
775 1794 828 1883 Q.]
853 1793 896 1858 cf.
919 1794 993 1857 275.

311 1898 362 1960 85.
383 1889 594 1978 Ὠγυγίην·
614 1892 652 1958 ἐν
673 1897 714 1980 τῇ
735 1889 809 1960 κατ’
832 1888 1027 1976 Ἀντίμαχον
1042 1887 1237 1977 Ὠγυλίην
1253 1888 1337 1974 γρά-

228 2020 336 2079 φεται.
378 1995 579 2079 διαφέρουσι
601 1993 637 2060 δὲ
655 1994 691 2058 ol
712 1991 819 2060 τόποι.
851 1991 913 2078 τὴν
935 1993 998 2079 μὲν
1019 1991 1083 2079 γάρ
1103 1989 1265 2078 Ὠγυγίαν
1287 1994 1336 2058 ἐν-

225 2094 281 2173 τός
310 2092 395 2162 εἶναι
425 2091 509 2179 πρός
531 2091 710 2180 Ἑσπέραν,
744 2091 807 2179 τὴν
834 2091 1055 2180 δδᾭγυλίαν
1083 2092 1166 2163 κατά
1196 2093 1335 2181 Κρήτην

221 2193 375 2275 Ἡσίοδός
397 2216 480 2281 φησι
503 2207 647 2264 κεῖσθαι.
671 2196 731 2263 τόν
746 2191 916 2281 Ὠγύλιον.
939 2194 994 2282 ἠδ’
1013 2194 1150 2282 Ὦγύλη.
1173 2201 1279 2281 νῆσον
1297 2196 1335 2262 δὲ

224 2296 350 2381 ταύτην
372 2301 407 2364 ol
426 2295 551 2377 καλούς
571 2305 744 2365 καλοῦσιν.
788 2299 859 2365 Pal.
882 2300 923 2380 Q.
947 2302 1041 2368 Harl.

225 2450 229 2457 .
309 2405 360 2465 95.
386 2404 545 2488 ἒχησιν·
574 2402 611 2468 ἐν
638 2406 678 2487 τῇ
707 2400 791 2466 κατὰ
818 2397 949 2468 Ῥιανόν
978 2405 1064 2489 (cod.
1101 2398 1222 2486 άρινον
1251 2423 1334 2467 corr.

222 2503 351 2588 Porao.)
376 2500 540 2587 γράφεται
569 2500 702 2589 λάβησι.
725 2504 819 2569 Harl.

307 2609 359 2669 99.
386 2610 444 2669 175
466 2607 654 2671 Aristonico
676 2606 820 2671 tribuere
843 2606 947 2690 malo,
987 2610 1055 2670 109.
1082 2610 1152 2670 174.
1173 2608 1235 2669 300
1266 2604 1331 2668 He-

218 2707 366 2771 rodian0.
977 2779 981 2787 ,

309 2815 379 2872 171.
406 2802 587 2892 ὁπποίης
607 2802 657 2874 δ’·
678 2802 890 2892 Ἀρίσταρχος
912 2803 1089 2891 ὁπποίης
1111 2832 1162 2873 τε.
1195 2803 1332 2886 Ἀλλως.

222 2906 427 2990 οἰκειότερον
460 2904 526 2974 άπὸ
557 2905 711 2994 Εύμαίου
738 2902 780 2974 άν
803 2910 951 2993 λέγειντο
978 2910 1066 2997 (sio).
1107 2906 1159 2974 διό
1184 2912 1221 2974 ἐν
1244 2926 1332 2975 τισιν

221 3006 285 3075 οὐκ
304 3010 475 3094 ἐφέροντο.
499 3012 593 3078 Harl.

310 3115 379 3177 185.
410 3116 478 3179 186.
509 3116 763 3199 προηθετούντο
793 3109 830 3177 δὲ
850 3105 918 3177 ὑπό
938 3106 1211 3195 Ἀριστοφάνους.
1252 3106 1328 3177 κατ’

221 3213 322 3279 ἐνίων
344 3209 380 3277 δὲ
400 3218 470 3278 τοῖν
492 3211 712 3301 ἀντιγράφων
734 3208 811 3279 οὐδ’
837 3214 1010 3297 ἐφέροντο.
1035 3215 1075 3294 Ω.

306 3316 379 3378 204.
403 3309 451 3379 οὕ
478 3311 510 3382 δ’
536 3324 653 3402 εἴπερ
675 3341 733 3382 τε·
762 3311 836 3382 ἀλλ’
858 3317 950 3399 ελπέρ
971 3337 1007 3380 τε
1025 3312 1164 3398 σιδήρεα
1184 3315 1329 3398 δέσματα

219 3418 311 3498 ἐχησι
344 3413 528 3499 φράσσεται
561 3415 607 3497 ὥς
640 3443 699 3484 κεν
734 3418 858 3502 νέηται.
888 3409 965 3482 νόν
987 3418 1044 3501 ἔχη
1073 3417 1209 3504 (Buttm.
1243 3439 1327 3481 corr.

219 3518 302 3602 ἔχοι)
326 3518 473 3600 ἔμφασιν
491 3512 512 3602 ἡ
535 3517 659 3604 γραφή.
683 3543 786 3605 marg.
806 3520 877 3585 eod.
897 3519 991 3583 Harl.
1012 3519 1104 3584 Pora.

184 3613 186 3617 ⁴
304 3621 377 3684 208.
402 3624 526 3697 αἰνῶς
553 3618 645 3703 γάρ·
678 3617 920 3704 Ἀριστοφάνης
944 3617 1005 3684 ’καὶ
1028 3615 1239 3701 Ἀρίσταρχος
1274 3621 1362 3693 αί-,

218 3723 285 3796 νύς
312 3719 374 3803 μέν
408 3725 484 3805 ἔχει.
541 3719 596 3786 καὶ
628 3722 694 3805 ἔχει
732 3747 764 3788 τι
789 3717 878 3799 εἶδος
907 3722 1044 3807 (Butam.
1073 3721 1157 3786 coni.
1187 3718 1327 3796 είκός.7

218 3824 377 3908 πειθοῦς)
401 3817 421 3906 ἡ
444 3822 567 3906 γραφή.

304 3923 375 3985 232.
398 3922 577 3987 Aristonici
598 3922 761 3988 videntur.
785 3922 838 3986 cf.
862 3924 933 3987 251.

300 4025 372 4087 244.
395 4026 475 4087 νύν
495 4018 527 4088 δ’
549 4023 699 4103 ἑτέρως
721 4020 945 4107 βούλοντο·
969 4020 1044 4106 ἦτοι
1064 4018 1324 4109 ἐβουλεύσαντο.

215 4121 304 4201 τινές
326 4120 362 4187 δὲ
389 4122 560 4207 γράφουσι
596 4121 802 4208 ἐβάλοντο
827 4128 926 4189 θεοί
949 4119 1024 4190 ἀντὶ
1046 4130 1108 4189 τού
1128 4124 1322 4209 μετέβαλον.

215 4226 281 4306 ἔχει
300 4223 412 4306 μέντοι
434 4220 537 4305 λόγον
557 4223 611 4286 καὶ
633 4219 670 4288 τό
691 4221 872 4308 ἐβούλοντο
892 4220 965 4308 ἤτοι
998 4224 1256 4310 ἐβουλεύσαντο,
1279 4224 1325 4304 ὦς

214 4318 251 4386 τό
276 4321 410 4404 εΤρωσὶ
431 4317 463 4387 δ’
488 4319 645 4406 ἐβούλετο
668 4327 783 4407 νίκην’
808 4326 860 4409 (Η
879 4327 945 4411 21).
967 4326 1006 4390 Ε.
1030 4326 1071 4407 Ω.
