2932 5002
1179 397 1240 458 367

128 583 251 640 σιττιτος
273 564 379 649 (cuius
400 562 587 627 testimonio
610 562 711 625 utitur
729 561 894 647 Didymus
917 562 1015 623 ctiam
1040 582 1093 645 ap.
1106 559 1240 624 Baebm.

130 673 180 751 65,
206 672 240 729 11
275 688 308 729 v.
332 659 500 746 άλάστωρ)
530 661 565 726 di
589 661 626 726 ἐν
647 656 796 727 Ἠθικῶν
820 658 948 749 δεκάτῳ
972 660 1059 747 (cod.
1082 655 1193 748 ἠθικῷ
1214 661 1241 745 ι’)

130 765 353 853 λογισάμενον
376 762 436 828 τὸν
459 759 570 844 Πάριν
591 767 694 828 τίνων
716 766 916 848 deluditur
939 758 1153 845 ἀντέχεσθαι,
1180 785 1243 826 ιτο-

131 873 267 955 λεμικῆς
300 860 471 948 ἀσκήσεως
502 858 523 948 ἢ
553 864 713 948 ἐρωτικῆς
744 869 828 952 1-εῐν
849 864 993 947 Nauck.)
1029 855 1243 948 ἦβασιλικῆς

132 973 230 1061 (cod,
246 970 414 1056 βασιλείας
429 965 585 1050 Nauck),
609 971 728 1032 νεῦσαι
750 962 856 1033 αὐτὸν
877 968 1005 1050 μᾶλλον
1028 968 1074 1041 εἰς
1095 960 1135 1029 τά
1158 964 1243 1046 ἐρω-

132 1069 206 1140 τικά
234 1072 290 1138 καὶ
316 1066 425 1144 οὕτως
450 1063 510 1131 τὸν
530 1067 608 1151 περὶ
627 1070 766 1150 κρίσεως
787 1071 904 1151 μῦθον
926 1071 1144 1151 συντεθῆναι.
1189 1067 1242 1132 Of.

131 1176 232 1242 schol.
256 1174 380 1239 Phoen.
409 1171 471 1235 687
499 1169 564 1235 νοΙ.
585 1169 615 1233 V
641 1193 672 1257 p.
699 1174 759 1234 153
781 1170 897 1235 blatth.
921 1210 964 1218 -
986 1169 1122 1235 Talibus
1144 1170 1244 1254 igitur

132 1273 404 1362 explicationibus
426 1271 611 1337 fabularum
632 1279 664 1335 et
690 1273 840 1337 tritarum
870 1281 903 1336 et
924 1271 1165 1337 reconditarum
1186 1292 1245 1333 un·

132 1379 301 1464 docunque
323 1377 487 1460 congestis
511 1382 570 1458 (ex
588 1372 774 1456 Anticlidis,
797 1384 884 1461 puta,
906 1375 1062 1438 binaseae
1081 1373 1246 1438 Herodori

133 1478 319 1543 Philochori
334 1477 460 1564 Ephori
476 1477 554 1540 Istri
569 1475 756 1563 Lysimachi
773 1476 930 1539 Nicandri
945 1476 1121 1563 Chrysippi
1137 1474 1245 1561 libris)

133 1581 211 1666 quin
233 1579 312 1661 ξένη
334 1579 463 1659 ἱστορία
479 1577 618 1665 Didymi
640 1577 763 1642 referta
784 1577 883 1641 suerit
901 1599 966 1641 non
985 1588 1034 1641 est
1053 1578 1140 1665 quod
1153 1576 1245 1641 dubi-

133 1692 255 1763 temus3
276 1679 364 1766 quod
376 1688 604 1764 argumentum
618 1680 785 1764 attigimus
799 1702 830 1765 p.
845 1680 907 1741 280
927 1680 960 1743 in
972 1702 1011 1742 ca
1022 1679 1129 1765 operis
1144 1679 1247 1743 nostri

135 1782 176 1846 de
198 1781 344 1868 Didymo
374 1782 544 1867 compositi
573 1791 680 1868 parte,
709 1781 742 1843 in
770 1780 896 1867 quade
919 1780 1085 1845 veteribus
1108 1781 1247 1864 tragico-

135 1906 207 1946 rum
230 1881 461 1968 interpretibus
484 1883 620 1947 Graecis
643 1885 779 1967 egimus.
802 1921 845 1930 —
868 1882 1021 1947 Ceterum
1043 1904 1109 1945 non
1130 1881 1189 1947 abs
1212 1904 1248 1945 rs

137 1985 207 2048 fore
231 1984 339 2048 iudico
358 1982 421 2048 huc
443 1983 680 2048 transscribere
703 1983 905 2065 Quinctilian
927 1983 1130 2068 1.0.18,19
1153 1990 1248 2048 ‘Num

136 2095 188 2166 qui
208 2107 307 2150 omncs
326 2093 415 2152 etiam
442 2092 583 2166 indiqnas
601 2093 724 2152 lectione
747 2091 874 2151 schedas
894 2094 1009 2151 excutit
1022 2092 1150 2151 amitibus
1172 2108 1249 2167 quo-

136 2211 193 2268 quc
211 2193 327 2266 sabulis
347 2195 575 2255 accommodare
595 2209 717 2269 operam
736 2201 840 2267 potest.
875 2194 965 2268 Atqui
981 2196 1066 2268 pierii
1082 2202 1151 2254 sumt
1166 2197 1250 2254 eius-

136 2301 218 2359 modi
231 2299 445 2374 impedimentis
456 2299 721 2367 qrammuticorum
734 2298 939 2355 commentarii
949 2298 999 2353 uia
1009 2298 1090 2371 ipsis,
1105 2300 1158 2371 qui
1165 2314 1250 2357 com-

134 2409 307 2476 posuerunt,
322 2402 396 2458 satis
416 2400 486 2457 auti.
508 2396 585 2455 Num
601 2398 738 2472 Didyma,
754 2413 810 2471 quo
824 2412 909 2455 nemo
926 2400 1019 2470 plura
1040 2400 1169 2472 scripsit,
1191 2416 1249 2458 aa·

137 2503 246 2561 cidisse
256 2506 437 2576 compertum
451 2505 502 2569 est,
525 2504 566 2570 ut,
581 2513 670 2572 quum
687 2498 829 2556 historiae
849 2496 971 2555 cuidam
989 2504 1139 2571 tamquam
1155 2516 1251 2559 variae

138 2610 333 2679 repugnaret,
358 2602 451 2678 ipsius
469 2599 662 2674 proferretur
680 2598 763 2670 iiber,
792 2598 845 2673 qui
860 2612 926 2655 eam
947 2599 1122 2658 continebat.
1167 2601 1252 2671 Quod
1322 2672 1328 2682 ,

137 2707 233 2764 euenit
250 2705 415 2779 praecipue
430 2704 460 2761 in
473 2701 622 2774 sabulosis
636 2716 728 2774 usque
742 2700 785 2758 ad
800 2702 978 2775 deridicula,
994 2702 1143 2778 quaedam
1162 2706 1251 2763 etiam

136 2806 300 2881 pudenda:
326 2806 405 2865 unde
435 2804 648 2879 improbissima
671 2803 778 2876 cuique
803 2808 950 2879 pleraque
971 2805 1109 2879 finqendi
1131 2807 1252 2864 licentia

138 2915 195 2978 est,
216 2908 292 2967 adea
314 2914 347 2965 ut
364 2908 402 2967 de
419 2907 504 2965 libris
523 2908 590 2965 tatis
610 2913 639 2964 et
654 2905 831 2977 auctoribus,
854 2912 887 2965 ut
905 2911 1068 2980 succurrit,
1092 2909 1252 2966 mentiatur

139 3016 213 3078 tato,
243 3011 314 3084 quia
336 3010 477 3081 inveniri,
501 3010 554 3082 qui
573 3024 733 3082 numquam
750 3006 851 3080 suere,
873 3024 932 3068 non
948 3017 1079 3084 possunt.
1122 3009 1251 3068 Nomia

139 3112 299 3171 notioribus
313 3111 554 3185 frequentissime
568 3109 833 3184 deprehendantur
848 3126 868 3168 a
881 3112 1028 3171 curiosis!
1061 3106 1113 3172 cf.
1129 3107 1249 3171 Athen.

140 3209 188 3272 lV
216 3232 247 3296 p.
277 3210 334 3272 139
354 3209 391 3290 0,
419 3206 477 3271 ubi
498 3206 586 3270 haud
615 3209 683 3269 scio
705 3227 747 3268 an
774 3204 831 3272 διά
859 3206 896 3271 τὸ
926 3212 1058 3292 πλῆθος
1084 3208 1164 3274 ferri
1185 3229 1251 3272 non

139 3313 256 3397 possit,
285 3332 464 3398 verumque
491 3312 534 3375 sit
561 3308 792 3392 Βιβλιολάθαν
824 3307 880 3375 διά
906 3308 950 3399 τὸ,
973 3316 1095 3395 iquos,
1130 3309 1249 3374 deinde

140 3416 210 3478 ἔστι
233 3410 297 3497 γάρ
320 3409 356 3479 τά
383 3418 524 3495 πλῆθος.
569 3410 657 3491 Quid
690 3412 816 3478 multa?
856 3415 980 3500 Ecquis
1015 3413 1066 3477 bis
1099 3410 1251 3499 perlectis

140 3515 267 3580 dubitet
295 3518 374 3602 quin
400 3514 564 3602 Didymus
592 3513 627 3577 in
655 3512 792 3579 historia
815 3514 957 3579 fabulari
985 3515 1055 3599 ipsc
1079 3510 1252 3576 tradiderit

141 3728 252 3804 τράφον
268 3736 339 3801 (cod.
359 3737 392 3801 ω)
413 3752 448 3800 ay
464 3734 516 3800 (sic
533 3734 605 3797 cod„
623 3751 677 3785 uon
700 3737 838 3800 expiscor;
857 3736 921 3786 fort.
940 3726 1042 3803 άηνόν)
1061 3727 1092 3785 ἐν
1110 3729 1216 3791 νάπαις
1232 3733 1237 3799 Ι

143 3817 248 3888 στήτην
267 3822 338 3887 (cod.
358 3836 474 3887 αηενναι
496 3817 530 3886 τη
550 3835 574 3870 ει
592 3813 659 3886 τήν,
680 3821 777 3872 deinde
793 3818 843 3885 της
855 3811 931 3887 Ἴδης
952 3839 1093 3888 perperam
1110 3838 1125 3873 e
1143 3837 1253 3887 praece·

142 3910 269 3961 dentibus
288 3909 427 3974 iteratum)
447 3900 634 3976 τριολάμιτιον
652 3897 737 3972 άρμα.
758 3906 785 3974 [s
796 3936 830 3945 -
837 3937 871 3947 -
884 3925 901 3959 υ
914 3925 931 3958 υ
939 3937 973 3947 -
985 3925 1003 3959 ν
1012 3925 1030 3959 ν
1044 3939 1077 3947 -
1090 3926 1147 3959 u—
1157 3925 1175 3959 ν
1182 3939 1216 3948 -
1232 3908 1238 3977 Ι

142 4026 174 4033 -
184 4011 313 4045 -νν-
326 4011 371 4045 να
381 4021 415 4033 -
427 3987 710 4061 childaericus·
730 3989 867 4060 ἔστησαν·
880 3994 995 4056 dursac.
1015 4000 1080 4049 Hes.
1094 3990 1251 4063 τριολάμ-

141 4101 178 4134 ττι
189 4100 228 4133 ον
244 4073 354 4148 άρμα·
373 4075 405 4132 τά
424 4073 453 4132 ἐκ
471 4079 558 4146 τριῶν
578 4074 762 4147 ὀλυμπιάδων
780 4083 854 4149 (σον)
869 4074 1041 4151 ἐζευγμένον,
1055 4069 1101 4135 ci.
1114 4087 1181 4136 Hes.
1196 4081 1252 4144 ζεῦ-

142 4185 191 4236 γος
208 4163 414 4236 τριπάρθενον,
435 4199 467 4208 -
487 4171 630 4222 Certamen
648 4169 856 4235 pulchritudinis
873 4174 1012 4224 mulierum
1032 4173 1133 4239 primus
1152 4173 1252 4237 Cypse-

142 4258 185 4307 lus
207 4259 274 4308 urbs
292 4259 327 4330 ad
345 4257 476 4324 Alpheum
502 4258 612 4308 condita
635 4258 767 4318 instituit,
800 4259 879 4310 Nicia
898 4266 969 4310 teste
992 4262 1019 4310 in
1043 4259 1183 4309 Arcadicis
1206 4274 1249 4322 ap.

142 4343 241 4395 Athen.
260 4345 329 4395 XIII
347 4361 373 4410 p.
393 4346 445 4396 11011
464 4346 487 4395 E
502 4361 562 4409 sqq.
