2962 5024
231 391 291 454 238

763 556 815 617 55.

314 674 422 739 Schol.
446 674 560 739 Isthm.
585 679 617 736 A
639 674 680 734 52
699 695 731 759 p.
745 676 807 736 520
829 667 851 736 ἀ
872 695 942 736 νιν
964 663 1256 752 ἐρειδόμενον·
1278 662 1346 752 άμ-

229 781 373 861 φίβολον
396 776 435 840 δέ
457 775 537 858 ἐστι,
560 774 666 856 φησὶν
687 768 705 837 ὁ
729 775 935 857 Δίδυμος,
953 769 1099 854 πότερον
1120 765 1181 834 τόν
1199 764 1343 853 Ἡρόδο-

228 904 288 943 τον
307 873 327 962 'i
344 875 405 943 τόν
423 872 668 956 Ἀσωπόδωρον
691 874 795 960 λέγει·
819 873 961 941 δύναται
976 869 1040 957 γάρ
1061 866 1114 937 ἐπ’
1140 867 1344 955 ἀμφοτέρων

227 976 413 1046 ἀκούεσθαι
434 981 649 1063 συντυχίη.

313 1083 413 1146 Recte
437 1080 520 1144 alter
544 1078 644 1144 schol.
668 1079 897 1165 Asopodorum
916 1076 1087 1160 intellegit.

760 1271 812 1331 56.

311 1386 356 1450 ib.
378 1389 419 1449 60
443 1384 637 1466 -βέλτιον
665 1385 705 1449 δέ
732 1404 837 1468 φησιν
865 1379 883 1448 ὁ
908 1384 1094 1466 Δίδυμος
1118 1379 1155 1447 τό
1182 1376 1341 1466 εὑρόν-

229 1504 345 1552 τεσσι
379 1482 441 1550 τόν
467 1479 657 1567 ἀγάνορα
684 1483 868 1569 κόμπον,
893 1483 1044 1549 τουτέστι
1072 1479 1132 1550 τόν
1153 1479 1265 1568 ὕμνον
1293 1486 1341 1560 είς

228 1584 308 1665 τούς
327 1586 460 1672 δαπάνη
476 1585 532 1651 καὶ
553 1588 640 1673 ἔργῳ
659 1587 884 1670 κεκτημένους
899 1579 961 1669 τὴν
982 1579 1105 1669 ἀρετὴν
1118 1582 1163 1670 μὴ
1181 1593 1338 1668 φθονεῖν.

227 1685 390 1754 ὥστεκαὶ
416 1687 476 1752 τόν
499 1689 670 1770 Πίνδαρον
691 1685 736 1772 μη
766 1691 839 1752 δεῖν
860 1695 1083 1769 φθονεῖσθαι·
1112 1682 1167 1752 διά
1189 1686 1269 1764 τούς
1291 1689 1339 1764 είς

228 1790 289 1855 τὸν
300 1787 486 1872 Ἡρόδοτον
507 1789 673 1866 ἐπαίνους.
719 1790 810 1872 λέγοι
833 1785 866 1854 δ’
888 1782 931 1853 άν
953 1783 1104 1871 ἀγάνορα
1125 1785 1258 1871 κόμπον
1277 1783 1339 1852 τόν

226 1892 264 1956 ἐκ
286 1895 355 1956 τοῖν
383 1887 524 1973 ἀγαθῶν
546 1892 687 1955 ἔπαινον
708 1887 768 1955 τόν
790 1890 826 1956 ἐκ
849 1895 917 1957 τῶν
937 1888 1149 1973 ποιημάτων·
1173 1894 1275 1954 τοῦτο
1299 1888 1337 1954 δὲ

226 1991 331 2075 σαφὲς
353 1991 389 2056 ἐκ
404 1995 466 2057 τοῦ
487 1990 746 2077 ἐπιφερομένου.

758 2181 809 2242 57.

311 2296 355 2361 ib.
383 2301 423 2361 67
452 2296 520 2361 καὶ
542 2291 590 2361 δν
612 2293 765 2372 πόντος
786 2296 948 2379 τρέφει·
977 2295 1177 2379 Χρύσιππος
1196 2293 1340 2382 τόνέμ-

226 2422 351 2483 πορον,
374 2399 562 2482 Δίδυμος
585 2396 622 2463 δὲ
649 2396 710 2462 τόν
731 2392 825 2462 ἁλιέα
847 2402 960 2482 φησίν.

311 2501 531 2566 Praeferenda
548 2499 685 2586 Didymi
708 2500 943 2586 interpretatio.

755 2671 806 2732 58.

311 2788 419 2853 Sehol.
439 2788 553 2852 Isthm.
577 2794 605 2854 B
630 2792 668 2853 19
690 2781 766 2851 οὐκ
788 2779 937 2868 ἀγνῶτ’
962 2779 1053 2850 άείδ
1062 2808 1105 2848 ω·
1134 2790 1217 2852 ἔνιοι
1239 2784 1276 2850 δὲ
1297 2787 1336 2850 τὸ

224 2884 390 2973 άγνωτα
411 2884 726 2970 προπαροξόνοντες
748 2882 790 2951 οὐ
809 2882 892 2951 κατὰ
914 2884 1128 2970 συναλοιφὴν
1149 2885 1337 2954 ἀκούουσιν

224 2986 298 3053 ἀντὶ
320 2992 381 3052 τοῦ
405 2985 482 3053 οὐκ
502 2984 658 3071 ἀγνῶτι
682 2984 824 3072 ἀείδω,
846 2981 920 3053 ἀλλ’
946 2987 999 3053 ἐπὶ
1018 2982 1126 3054 αὐτοῦ
1149 2994 1336 3077 (τούνικη-

224 3087 351 3173 φόρου)
375 3089 429 3153 καὶ
450 3093 509 3172 τῆς
528 3084 696 3174 Ἰσθμικῆς
718 3107 801 3172 φασι
824 3093 919 3173 νίκης
934 3090 1045 3172 λέγειν
1060 3086 1176 3156 αὐτόν.
1200 3084 1242 3155 οὐ
1258 3089 1335 3175 περὶ

222 3185 387 3272 άγνιότων
413 3191 517 3272 φησὶν
542 3185 622 3276 ᾅδω.
667 3186 684 3256 ό
708 3193 728 3256 δ
736 3193 751 3257 ὲ
773 3192 960 3274 Δίδυμος
982 3194 1165 3275 μειοῦσθαί
1190 3209 1273 3275 φησι
1295 3188 1331 3257 τό

223 3284 349 3373 ἀξίωμα
370 3294 432 3354 τοῦ
457 3294 616 3374 ποιητοῦ,
640 3295 671 3356 εί
691 3292 827 3376 μηδέπω
850 3296 913 3356 τοῦ
934 3292 1087 3357 ἐπινίκου
1109 3293 1334 3376 σνντεταγμέ·

224 3414 289 3455 νου
308 3387 478 3477 γνώριμός
499 3391 591 3457 ἐστιν
613 3387 633 3477 ἡ
655 3397 717 3458 τοῦ
738 3390 970 3473 Ξενοκράτους
989 3397 1076 3477 νίκη.
1104 3395 1246 3476 ἔμπαλιν
1269 3387 1335 3476 γάρ

224 3485 242 3556 ὁ
264 3495 435 3576 Πίνδαρος
457 3488 597 3577 ἀφανεῖς
616 3492 672 3559 καὶ
688 3489 831 3572 ἀδόξους
846 3495 950 3578 φησὶν
974 3488 1058 3558 εἶναι
1081 3490 1140 3572 τὰς
1157 3497 1263 3576 νίκας,
1287 3497 1334 3571 είς
1407 3525 1410 3532 ·

222 3586 261 3670 ἀς
283 3590 385 3672 αὐτὸς
407 3593 513 3678 μηδὲν
534 3596 692 3679 γέγραφε.
737 3599 885 3678 γελοίως.

308 3695 410 3775 ‘Quis
439 3698 600 3779 γελοίωςῖ
645 3696 752 3762 Credo
780 3697 955 3784 Didymus.
1007 3697 1059 3762 Of.
1091 3697 1190 3761 schol.
1216 3695 1331 3760 Isthm.

222 3793 276 3858 ΙΙΙ
310 3796 387 3882 (IV)
423 3801 474 3862 47.
509 3801 580 3862 63.’
625 3798 771 3862 Boeckh.
804 3821 836 3884 p.
866 3800 939 3862 526.
968 3836 1011 3846 —
1041 3797 1207 3882 Didymus
1233 3798 1335 3880 igitur

223 3889 348 3977 ἀγνῶτι
379 3896 416 3963 ἐκ
448 3897 599 3984 πλήρους
628 3899 724 3984 legit,
753 3897 893 3963 fortasse
927 3898 1107 3964 Callistrati
1137 3898 1332 3963 sententiam

221 3997 401 4083 amplexus.

374 4158 376 4162 Ι
749 4089 801 4149 59.

306 4198 455 4264 Ammon.
486 4201 527 4265 de
555 4201 624 4266 diff.
651 4225 683 4288 p.
708 4206 748 4265 70
770 4200 888 4267 Valek.
913 4206 1092 4286 Θηβαῖοι
1114 4201 1169 4265 καί
1192 4203 1333 4284 Θηβα-

221 4311 358 4377 γενεῐς
380 4302 616 4384 διαφέρουσιν,
646 4299 761 4379 καθώς
783 4303 970 4385 Δίδυμος
991 4301 1035 4366 ἐν
1062 4296 1331 4386 ὑπομνήματι
