2962 5024
624 439 814 478 -ε-
1215 427 1273 491 193

178 649 180 654 ,
247 578 320 640 553.
355 569 400 659 ἠὲ
421 573 579 641 θανών·
604 578 642 643 ἐν
664 575 808 659 άπάσαις
830 577 992 665 ἠθετεῑτο.
1016 587 1108 653 Harl.
1131 594 1194 656 τοῦ
1209 592 1273 677 γάρ

163 677 328 760 Πρωτέως
349 672 512 760 είπόντος,
536 672 618 765 (ὅτι)
638 676 701 744 δάο
718 681 816 766 μόνοι
831 679 1007 752 ἀπώλοντο
1020 690 1123 774 (496),
1135 695 1274 773 γελοίως

162 781 277 862 τρίτον
303 783 392 864 ζητεῖ
410 772 633 862 άπολόμενον.
656 782 725 847 Pal.
748 783 789 865 Q.

243 884 314 945 599.
333 875 544 964 Ἀρίσταρχος
566 877 617 947 σι)
642 883 760 949 δίκε.
784 885 877 952 Harl.

243 983 315 1047 618.
340 977 406 1058 ἔὸς
428 977 565 1064 δόμος·
602 979 709 1049 αὐτοῦ
727 990 788 1051 τοῦ
803 987 976 1072 βασιλέως.
1000 983 1109 1069 οὕτως
1133 989 1271 1078 δὲἈρί-

159 1099 298 1167 σταρχος
315 1081 369 1146 καί
385 1077 426 1147 τά
442 1075 677 1171 ὑπομνήματα,
699 1081 720 1152 δ’
739 1084 831 1166 τεὸς
854 1084 1013 1176 (Ῥότεός)
1037 1088 1176 1176 δόμος.
1198 1095 1269 1160 Pal.

240 1188 312 1248 705.
346 1185 505 1267 ἔσχετο·
540 1184 577 1248 αί
593 1180 811 1272 Ἀριστάρχου
834 1190 993 1273 ἔσκετο,
1017 1185 1091 1256 άντλ
1112 1196 1175 1257 τοῦ
1197 1193 1270 1278 ἐγίὲ

158 1305 243 1347 νετο.
269 1289 394 1367 γελοῖοι
416 1280 480 1366 γάρ
504 1286 590 1349 είσιν
611 1288 645 1351 ol
663 1284 852 1372 γράφοντες
875 1293 1024 1374 ἔσχετο.
1047 1292 1091 1358 Η.
1111 1295 1148 1358 Ρ.
1172 1297 1213 1378 Ω.

240 1387 312 1449 712.
346 1379 422 1450 οὐκ
449 1380 530 1450 οἶδ’
556 1392 779 1473 είτίςμιν·
820 1384 843 1472 ἦ
872 1393 931 1468 τίς
958 1416 1032 1475 μιν
1058 1389 1270 1481 Ἀρίσταρχος

156 1482 212 1550 διά
232 1489 293 1551 τοῦ
313 1510 345 1569 η.
364 1485 458 1551 Harl.
483 1487 576 1568 Quae
598 1500 778 1577 sequuntur
798 1490 971 1557 Nicanoris
993 1503 1077 1559 sunt.

241 1590 313 1652 727.
348 1581 642 1670 ἀνηρείψαντο
680 1586 880 1655 θύελλαι·
928 1585 1171 1680 ἡχαριεστίρα
1197 1602 1267 1662 τοῖν

153 1680 371 1770 Ἀριστάρχου
393 1685 449 1751 καὶ
471 1681 568 1753 άλλαι
591 1688 710 1754 πολλοὶ
731 1685 849 1767 οὕτως.
867 1692 961 1757 Pora.

242 1786 313 1849 785.
349 1785 391 1849 ἐν
419 1788 558 1875 νοτζίφ·
597 1781 840 1873 Ἀριστοφάνης
871 1791 1038 1879 είνοδίφ
1070 1793 1154 1879 (Pal.
1178 1803 1265 1859 recte

155 1884 371 1970 ἔννοδίφ),
405 1879 451 1962 άς
468 1880 512 1949 άν
535 1908 584 1963 τις
603 1890 691 1949 είποι
714 1884 752 1950 ἔν
773 1880 853 1973 ὁδῷ,
875 1884 1009 1972 ἑτοίμην
1031 1892 1077 1967 είς
1099 1887 1136 1955 τό
1157 1899 1263 1959 πλεῖν.

153 1985 224 2050 Pal.
247 1985 287 2049 B.
307 1985 347 2050 E.
369 1985 410 2066 Q.
431 1985 524 2052 Harl.
554 1987 607 2052 Of.
629 1985 752 2051 Buttm.
777 1987 878 2052 schol.
898 1988 992 2054 Harl.
1015 1997 1043 2055 d
1064 1995 1104 2055 55
1137 1993 1264 2057 Nauck.

153 2087 212 2151 Ar.
235 2087 317 2174 Byz.
340 2110 372 2174 p.
396 2092 448 2151 45.

236 2192 309 2254 788.
330 2183 430 2254 κεῖτ’
455 2181 517 2272 ἄρ’
541 2184 698 2266 ἄσιτος·
717 2181 844 2265 Ῥιανὸς
864 2183 965 2255 κεῖτ’
982 2185 1043 2274 ἄρ’
1061 2187 1261 2280 ἄναυδος,

153 2290 208 2355 καὶ
229 2292 321 2356 ἔστιν
343 2287 428 2376 αὕτη
448 2291 643 2376 χαριεστέρα
664 2285 686 2376 ἡ
705 2286 830 2376 γραφή.
851 2291 1035 2378 Ηοτ1.Ρε1,

692 2482 717 2524 8.

237 2596 289 2658 34.
318 2593 418 2679 χωρὶς
440 2596 503 2659 τοῦ
526 2591 576 2658 κέ
595 2592 632 2656 ac
650 2587 850 2677 κοινότεραι.
870 2591 964 2656 Harl.
991 2586 1091 2677 ἤματι
1115 2597 1262 2686 εἰκοστῷ.

237 2699 289 2760 43.
311 2697 367 2761 Ad
382 2697 605 2761 Aristonicum
625 2694 744 2778 refero,
764 2703 801 2758 ut
824 2696 893 2757 124.

237 2800 288 2862 80.
312 2792 387 2862 οὐδ’
413 2802 454 2863 εί
471 2820 550 2873 τις·
581 2791 793 2882 Ἀρίσταρχος
823 2789 921 2859 οὐδὲ
944 2788 1043 2877 ἥτις.
1074 2795 1146 2860 Pal.
1167 2797 1261 2862 Harl.

234 2893 456 2984 Ἀρίσταρχος,
477 2899 605 2981 ναίει,
627 2890 813 2981 ὁριστικοῖς.
836 2895 908 2961 Pal.
931 2895 1024 2961 Harl.
1058 2896 1182 2963 ‘Erant
1204 2900 1264 2985 igi·

151 3010 219 3083 tur,
242 3003 298 3088 qui
320 3001 607 3086 1οςετου1ναίοι.’
631 2998 724 3064 Pars.

237 3105 289 3167 83.
320 3097 376 3168 διά
405 3106 467 3167 τοῦ
495 3124 511 3167 ε
539 3104 795 3187 στεναχῇσιν
824 3100 861 3164 αί
883 3093 1154 3182 Ἀριστοφάνους.
1190 3100 1260 3166 Pal.

152 3203 245 3269 Harl.

239 3308 309 3370 127.
329 3301 684 3394 τριπόλφ·-τινές
706 3303 743 3370 δὲ
765 3302 946 3390 γράφουσι,
968 3306 1067 3390 νειῷ
1087 3304 1151 3370 ἑνὶ
1172 3329 1262 3388 τρι-

151 3403 285 3497 πάλφ,
309 3402 378 3528 ,οὐκ
391 3400 451 3529 τεά.
475 3409 511 3474 Ρ.
535 3408 579 3474 Η.
601 3407 643 3489 Ω.
666 3407 791 3474 Addidi
810 3415 944 3494 propter
964 3428 1136 3471 censuram
1156 3407 1263 3493 Didy-

149 3530 256 3572 meam
278 3531 341 3572 ουκ
363 3531 413 3574 ευ.

235 3611 305 3672 132.
336 3610 477 3688 ἔλσας·
507 3608 697 3694 Ζηνόδοτος
723 3605 874 3684 ἐλάσας
902 3605 1042 3692 γράφει,
1077 3607 1112 3670 οί
1135 3604 1172 3670 dl
1193 3607 1264 3672 ἔλ-

152 3723 236 3783 σας.
261 3707 523 3793 ποιητικώτερον
545 3705 609 3793 γάρ
631 3709 686 3794 (Ω.
710 3709 796 3793 μέν).
836 3709 933 3783 ἔλσας
953 3705 1016 3790 μὲν
1038 3705 1095 3794 (Q.
1119 3702 1198 3789 γάρ)
1223 3705 1259 3772 τό

151 3807 357 3891 συστρέψας,
388 3808 507 3887 ἐλάσας
528 3810 565 3874 δὲ
584 3808 621 3874 τό
645 3809 682 3872 ἐκ
700 3806 810 3890 χειρὸς
832 3804 966 3889 πλήξας.
1012 3806 1053 3887 Q.
1076 3806 1147 3871 Pal.
1166 3806 1262 3871 Harl.

151 3911 204 3976 cf.
217 3911 398 3975 Duentzar.
417 3912 470 3977 l.l.
484 3937 516 4000 p.
533 3914 602 3975 133.
625 3910 665 3973 In
683 3908 753 3973 Pal.
770 3930 842 3972 cum
860 3908 903 3971 ait
917 3902 937 3990 ἠ
950 3905 987 3972 δὲ
998 3900 1103 3992 ἐλέοις,
1119 3909 1154 3972 in
1165 3907 1259 3972 Harl.

149 4007 227 4096 ἡδέ
243 4013 330 4095 ἔλας,
350 4022 438 4078 recta
460 4014 625 4077 Porsonus
641 4010 824 4098 auspicatus
847 4019 912 4073 eat:
935 4003 957 4093 ἡ
979 4007 1016 4075 δὲ
1040 4056 1136 4073 .....
1154 4012 1260 4095 ἔλσας,

150 4113 309 4178 fortasse:
341 4107 363 4196 ἡ
388 4112 424 4179 δὲ
442 4108 706 4199 Ἀριστοφάνους
726 4114 853 4188 ἔλσας.
881 4111 1021 4198 Reliqua
1039 4111 1087 4174 aie
1108 4113 1261 4176 restituo:

152 4215 205 4279 καὶ
226 4216 297 4280 ἔστι
317 4210 587 4300 ποιητικώτερον.
624 4217 721 4292 ἔλσας
741 4210 804 4298 μὲν
823 4209 888 4298 γάρ
910 4211 977 4279 κτὲ.
1017 4211 1070 4278 ef.
1092 4212 1193 4277 schol.
1215 4213 1259 4277 H.

150 4312 188 4377 P.
211 4315 254 4379 ad
274 4338 295 4397 η
318 4318 390 4381 250.

202 4438 362 4482 armus.
639 4413 642 4418 ’
1016 4411 1053 4472 13
