2962 5018
1204 352 1266 414 263

152 515 383 600 Aristophanis
413 514 530 577 comici
557 514 799 600 exemplaribus
828 521 921 577 notas
949 536 1025 578 suas
1050 517 1181 581 criticas
1209 519 1265 583 ad-

152 618 286 704 spersit,
317 637 453 702 quarum
481 636 614 679 caussas
636 637 675 679 ac
696 617 840 679 rationes
862 613 919 677 alii
942 614 975 677 in
998 615 1146 682 divorsas
1168 621 1265 685 inter-

153 720 229 783 dum
256 725 365 803 partos
392 714 549 778 abeuntes
577 715 814 803 explicuerunt.
861 715 912 779 Cf.
938 714 1039 780 schol.
1068 719 1127 783 Ar.
1157 721 1263 786 Rann.

157 822 235 882 1437
259 816 420 881 Gsrhard.
444 817 484 880 do
507 816 610 881 Arist.
632 841 665 904 p.
690 821 805 883 31-6,
850 817 1062 882 Aristarchca
1087 827 1175 883 certe
1196 843 1265 885 car-

153 921 276 982 minum
296 919 543 982 Homericorum
571 920 718 983 recensio
745 918 895 984 absoluta
922 919 1021 983 luerit
1048 941 1183 985 necesso
1205 931 1264 1006 cst,

152 1023 341 1108 priusquam
361 1022 481 1104 sagitta
501 1021 595 1106 quasi
619 1021 751 1086 confodi
773 1031 884 1107 posset
904 1045 932 1085 o.
945 1044 977 1106 g.
1001 1018 1121 1087 Trach.
1144 1046 1176 1087 v.
1193 1028 1265 1108 402,

152 1121 209 1185 ubi
238 1121 361 1186 scholia
383 1122 539 1185 adnotant
567 1108 604 1185 τδ
627 1121 663 1185 δὲ
684 1145 703 1205 χ
725 1117 778 1187 ὅτι
800 1118 837 1187 τὸ
862 1114 928 1188 ὦδε
951 1119 1103 1186 τοπικόν.
1132 1124 1262 1211 (Lehrs.

151 1224 210 1287 Ar.
232 1224 362 1307 84-6).
409 1223 532 1287 Eadem
563 1233 676 1288 nostra
705 1223 890 1290 observatio
921 1224 1010 1288 valet
1040 1223 1081 1288 dc
1114 1226 1265 1291 versibus

152 1326 272 1388 notatis
285 1325 474 1411 Euripideis
495 1347 523 1389 c.
535 1346 568 1409 g.
592 1323 751 1389 Androm.
770 1328 831 1388 607
855 1323 1068 1408 σημειωτέον,
1091 1320 1143 1391 δτι
1163 1351 1264 1410 τρω-

151 1430 243 1503 θείς
265 1421 359 1490 εἶπεν
381 1421 424 1490 οὐ
446 1430 634 1510 βληθείς,
655 1427 709 1491 καὶ
733 1421 796 1510 γὰρ
819 1423 947 1510 ἐβλήθη
965 1419 1033 1491 ὑπὸ
1050 1432 1112 1493 τοῦ
1123 1431 1263 1495 Πανδά-

152 1550 226 1608 ρου.
272 1528 424 1610 διαφέρει
455 1526 491 1592 δὲ
524 1524 560 1591 τὸ
591 1530 759 1612 βληθῆναι
788 1531 849 1591 τοῦ
882 1530 1066 1610 τρωδήναι.
1104 1525 1262 1617 Ὅμηρος·

153 1627 328 1713 εβέβληται
350 1621 451 1711 μὲνδ
479 1631 641 1711 Τυδείδης
663 1623 823 1714 κρατερὸς
844 1625 1029 1712 Διομήδης,
1045 1624 1205 1697 οὔτασται
1227 1630 1261 1698 δ’

148 1725 337 1806 Ὀδυσεύς.’
372 1729 417 1815 (Α
438 1730 514 1813 659)
543 1729 615 1793 VR.
643 1728 757 1794 Lclirs.
787 1730 845 1793 Ar.
874 1732 913 1794 63
948 1730 1049 1794 schol.
1078 1731 1157 1797 Eur.
1181 1733 1263 1798 Hcc.

156 1835 183 1894 1.
207 1836 237 1894 4.
282 1831 352 1894 Iam
380 1831 563 1916 perpendas
591 1830 669 1894 mihi
699 1831 796 1893 otiam
825 1830 883 1894 has
911 1830 1011 1894 schol.
1034 1831 1093 1895 La.
1119 1834 1264 1898 animad-

153 1933 337 1996 vorsioncs:
370 1930 423 1994 El.
453 1932 514 1994 3211
544 1930 626 2014 (OT.
658 1936 730 1995 749.
759 1936 821 1996 976
851 1932 936 1996 Phil.
960 1933 1020 1995 225
1050 1933 1103 1996 Αἰ.
1130 1936 1165 1997 81
1191 1935 1262 2000 OC.

154 2036 231 2119 655)
259 2028 401 2097 δυ’ναται
424 2026 460 2096 τό
483 2025 626 2097 ὀκνεῖν
642 2028 828 2118 Ὁμηρικοῖς
853 2038 895 2121 (Ε
906 2034 981 2118 233)
1005 2036 1161 2118 εἰρῆσθαι
1189 2030 1263 2101 ἀντὶ

153 2138 216 2198 τοῦ
249 2138 448 2218 φοβεῖσθαι·
485 2126 606 2197 ὀκνείω
638 2129 672 2198 δ’
705 2135 818 2199 ἳππων
852 2134 1066 2218 ἐπιβαινέμεν
1099 2131 1262 2201 ὠκειάων.

154 2237 207 2301 Cf.
239 2234 339 2299 schol.
373 2234 404 2298 h.
429 2235 450 2298 l.
480 2234 629 2299 Eustath.
656 2240 718 2300 546
751 2236 867 2300 Lchrs.
891 2237 950 2300 Ar.
977 2237 1263 2302 154.-Ε1.210

154 2331 277 2418 ποινή
298 2336 428 2417 λέγεται
452 2334 505 2399 ἐπὶ
521 2333 626 2418 μόνης
641 2341 826 2421 καταβολῆς
840 2334 1030 2421 χρημάτων,
1050 2337 1151 2402 schol.
1163 2338 1261 2404 Hom.

153 2444 184 2504 Ε
202 2443 263 2504 266
291 2438 406 2501 Lehrs.
438 2440 508 2500 152.
532 2441 561 2500 3.
582 2475 625 2485 -
647 2438 700 2502 El.
727 2441 789 2501 452
817 2441 908 2521 ζῶμα
930 2435 966 2502 δὲ
989 2443 1055 2502 νῦν
1074 2434 1136 2521 τήν
1153 2435 1262 2522 ζώνην

154 2543 260 2622 δηλοῖ,
283 2532 325 2602 οὐ
347 2532 383 2602 τὸ
407 2538 546 2620 ἔνδυμα,
568 2538 624 2600 ἵνα
647 2534 755 2624 τούτῳ
774 2539 880 2624 στέφη
901 2534 961 2602 τὸν
983 2537 1093 2621 τάφον
1115 2532 1189 2602 ἀντὶ
1207 2544 1263 2622 μί-

153 2664 233 2721 τρας
254 2638 319 2706 κτὲ.
345 2638 462 2703 Lchrs.
486 2640 543 2703 Ar.
573 2642 641 2702 125.
656 2677 700 2689 -—
721 2638 774 2703 El.
794 2644 874 2703 1646
898 2635 1015 2702 πάλιν·
1039 2639 1085 2713 εἰς
1102 2633 1263 2723 τούπίσω,

152 2741 195 2806 cf.
217 2739 361 2827 Hesych.
383 2739 498 2804 Lehrs.
526 2744 595 2802 loo.
617 2778 660 2790 -
681 2740 735 2802 Αἰ.
759 2742 800 2804 26
830 2735 867 2802 τὸ
889 2736 940 2826 (δὲ
961 2738 1262 2824 κατηυα)ρισμένας

152 2838 282 2925 ἄκυρον
301 2838 366 2906 κτέ.
388 2840 491 2906 schol.
505 2840 601 2905 Hom.
616 2845 648 2904 Φ
659 2845 720 2904 485
744 2839 859 2904 Lchrs.
882 2842 950 2902 148.
964 2877 1006 2887 -
1024 2840 1078 2903 Αἰ.
1095 2842 1156 2903 906
1169 2843 1261 2925 (658)

153 2948 221 3009 πᾶν
245 2941 282 3007 δὲ
310 2937 519 3027 ἀμυντήριον
543 2942 598 3008 καλ
627 2939 713 3024 δόρυ
741 2943 795 3006 καλ
821 2943 915 3024 ἔγχος
937 2944 1100 3005 καλοῦσιν
1122 2942 1158 3006 ολ
1176 2939 1264 3007 νεώ-

152 3067 261 3127 τεροι,
295 3044 395 3109 schol.
416 3043 513 3108 Hom.
536 3044 576 3108 Il.
599 3049 635 3109 H
655 3047 728 3107 255.
756 3045 817 3106 273
844 3042 959 3105 Lchrs.
985 3044 1043 3106 Ar.
1064 3045 1115 3106 55.
1138 3081 1181 3092 -
1207 3045 1261 3109 Ai.

153 3149 214 3209 925
238 3147 427 3228 ἔμελλεν·
458 3141 580 3229 Ἰακώς,
603 3143 716 3234 ἐῴκεις
734 3139 799 3225 ἄρα
814 3142 868 3207 καὶ
884 3146 985 3226 δήλος
1000 3132 1049 3226 ής.
1070 3143 1186 3208 Lehrs.
1204 3147 1262 3208 126

152 3247 297 3335 Hesych.
322 3247 422 3312 schol.
448 3249 532 3312 Plat.
555 3270 587 3334 p.
608 3253 670 3313 417
694 3246 836 3335 (Nauck.
859 3246 917 3310 Ar.
941 3246 1023 3332 Byz.
1047 3246 1141 3332 222),
1175 3245 1262 3311 unde

152 3351 308 3414 discimus
339 3352 436 3415 otiam
466 3350 637 3438 Sophoclis
667 3349 778 3414 Troilo
811 3359 944 3435 propter
974 3348 1035 3412 hoc
1068 3348 1263 3413 vocabulum

152 3464 292 3535 σημεῖον
318 3453 482 3540 appictum
512 3454 623 3517 fuisse.
651 3491 693 3500 -
721 3452 774 3516 Ai.
798 3455 860 3515 866
894 3447 998 3524 πόνος
1029 3447 1123 3534 πόνῳ
1155 3444 1264 3512 πόνον

153 3552 267 3634 φέρει·
291 3554 360 3616 ἔστι
382 3550 419 3617 τὸ
436 3551 497 3634 μὲν
520 3552 647 3626 πόνος
669 3549 783 3637 πόνῳ
805 3547 977 3634 ἀρχαϊκόν,
1000 3542 1060 3623 ὡς·
1084 3549 1185 3629 ἔργον
1207 3541 1261 3608 ἐπ’

153 3654 249 3737 ἔργῳ.
273 3648 310 3714 τὰ
330 3651 365 3714 δὲ
388 3649 549 3731 δεύτερον
571 3648 679 3714 πόνον
701 3654 834 3733 κοινῶς,
857 3641 932 3714 οἷον
955 3645 1114 3728 κάματον.
1146 3646 1261 3709 Lchrs.

153 3752 211 3816 Ar.
235 3755 275 3816 87
301 3751 392 3816 Suid.
417 3753 450 3815 II
474 3755 492 3813 2
521 3774 553 3836 p.
577 3756 649 3815 3611.
671 3789 714 3799 -
735 3751 804 3814 OC.
829 3754 890 3814 380
922 3744 960 3812 τὸ
983 3745 1048 3830 γὰρ
1071 3742 1165 3828 τιμή
1184 3739 1259 3809 ἔσθ’

151 3851 207 3918 ὅτε
230 3848 417 3932 πρόστιμον
439 3852 545 3932 δηλοῖ.
583 3845 747 3932 Ὅμηρος·
768 3852 799 3914 ελ
820 3843 853 3913 δ’
877 3841 921 3912 ἂν
940 3848 1012 3930 ἐμοὶ
1032 3843 1132 3930 τιμήν
1153 3848 1262 3926 Πρία-

151 3976 213 4038 μος
243 3956 290 4040 (Γ
308 3953 384 4036 288)
414 3951 516 4016 εο1ιοΙ.
545 3951 642 4016 Hom.
673 3951 694 4015 l.
718 3949 740 4013 l.
769 3955 799 4015 P
817 3952 858 4013 92
886 3949 1001 4013 Lchrs.
1034 3952 1103 4012 153.
1121 3984 1168 4024 ⁸-
1191 3946 1261 4010 00.

155 4058 234 4120 1584
260 4050 401 4118 εἰώθασι
430 4049 494 4136 γὰρ
523 4052 561 4118 τὸ
589 4047 727 4117 ἀείκαὶ
750 4046 802 4116 ἐπ’
829 4046 948 4134 ὀλίγου
969 4049 1096 4135 χρόνον
1114 4043 1260 4113 τάσσειν.

143 4153 290 4240 Ὅμηρος
310 4156 362 4240 (Ν
371 4154 459 4241 517),
481 4153 524 4217 cf.
548 4153 649 4218 schol.
673 4153 708 4216 II
722 4175 754 4239 p.
767 4154 828 4218 374
851 4153 1015 4218 Bekk.-
1031 4152 1087 4216 Tr.
1113 4153 1174 4215 602
1197 4144 1262 4214 οὐκ

152 4246 192 4322 εὖ
220 4255 256 4323 δὲ
283 4253 344 4322 τὸν
370 4251 529 4341 ἀνδρεῖον
554 4257 679 4344 χιτῶνα
708 4256 866 4325 πέπλον
892 4257 992 4342 φησί,
1036 4254 1079 4322 cf.
1109 4252 1260 4323 Eustath.
