2964 5010
148 580 297 661 τευτόζει
320 583 382 647 LD
404 582 471 648 alii.
720 585 891 668 2φόππαξ
913 586 952 650 L.

150 687 311 771 τηνίβλος
332 685 372 750 Ε.
720 696 804 769 χείαι
816 684 867 749 Ἓ.

149 781 431 866 Ῡόποσαιιίζειν]ι
452 788 492 852 L.
720 782 906 872 ὡρακιόσαι
928 797 1003 852 cett.
1026 789 1131 855 LED.

234 905 279 970 At
299 906 380 970 haee
401 906 442 971 de
463 905 680 994 Lycophrone
700 916 732 972 et
752 906 986 991 Eratosthene,
1006 907 1143 996 Didymi
1164 909 1259 976 fonti-

147 1007 209 1073 bus
228 1007 393 1074 haetenus.

605 1094 610 1106 Ι
671 1146 723 1208 33.

230 1262 307 1349 Ipse
329 1261 494 1348 Didymus
517 1260 668 1327 laudetur
688 1263 722 1327 in
744 1261 845 1328 schol.
863 1263 982 1350 edAp.
996 1262 1059 1329 Rh.
1083 1263 1149 1329 vol.
1172 1265 1207 1329 II
1225 1290 1256 1353 p.

146 1367 187 1428 94
206 1363 287 1428 adl
313 1366 402 1428 1138.
429 1367 448 1427 9
480 1360 634 1449 ῥόμβος
661 1362 701 1427 δέ
721 1361 789 1428 ἐστι
812 1368 1002 1450 τροχίσιιος,
1026 1357 1068 1429 δν
1089 1368 1259 1451 στρέφου-

146 1484 203 1531 σιν
223 1467 315 1550 ίμᾶσι
343 1463 526 1543 τύπτοντες
554 1464 609 1530 καὶ
631 1458 721 1529 οότιο
743 1463 853 1530 τόπον
875 1462 1108 1532 ἀποτελοῦσιν.
1143 1462 1259 1535 Ἀλλοι

145 1565 181 1631 δὲ
206 1564 372 1652 ῥόμβον
394 1570 570 1650 καλοῦσιν,
592 1559 638 1642 ὥς
656 1559 808 1644 Εὔπολις
830 1567 867 1631 ἐν
885 1564 1033 1644 Βάπταις
1054 1566 1109 1632 καὶ
1125 1573 1178 1634 Δί
1183 1571 1258 1634 δυ-

145 1690 232 1752 μος.
259 1668 355 1733 Conf.
377 1668 441 1734 vol.
465 1669 504 1735 ΙΙ,
521 1692 555 1754 p.
577 1670 640 1731 280
662 1667 712 1732 IV
736 1672 794 1733 144
818 1664 871 1733 διδ
895 1664 1031 1733 καὶτὸν
1053 1668 1258 1755 κινούμενον

146 1773 325 1853 τροχίσιιον
347 1762 415 1833 ὑπὸ
439 1773 508 1834 τόν
530 1769 752 1853 φαρμακίδοιν
775 1765 906 1856 ῥόμβον
928 1773 1100 1835 καλοῦσιν.
1132 1770 1198 1837 Καὶ
1222 1773 1258 1836 ἐν

147 1865 315 1936 Εὐπόλιδι
347 1867 384 1935 δὲ
413 1867 472 1950 τὰς
509 1880 701 1956 περιφερεῖς
741 1870 890 1954 κινήσεις
922 1863 1030 1948 οὕτως
1061 1871 1257 1956 ἐξηγοῦνται

146 1962 201 2037 (Ὠ
222 1969 366 2057 ῥόμβοις
391 1974 547 2057 μαστίξας
575 1970 660 2056 ἐμέ)
706 1971 758 2037 Of.
788 1971 890 2040 schol.
913 1974 955 2039 sd
978 1972 1115 2038 Theoer.
1136 1998 1168 2061 p.
1193 1979 1256 2041 852

142 2072 267 2139 Kiessl.
505 2072 510 2084 '

671 2195 724 2257 34.

229 2309 362 2375 Deinde
389 2308 489 2376 schol.
517 2310 560 2375 ed
579 2310 627 2374 IV
652 2314 732 2375 1058
766 2306 1093 2395 στρευγόμενοι·
1122 2312 1159 2378 δὲ
1181 2309 1257 2380 ἄντί

144 2414 206 2477 τοῦ
229 2408 557 2496 ταλαιπωρούμενοι,
592 2407 884 2494 καταπονοόμενοι
911 2403 931 2494 ἢ
966 2410 1021 2476 καί
1043 2417 1256 2500 προςδιατρί-

143 2519 272 2600 βοντες.
322 2515 473 2597 Γίμδεται
495 2512 532 2578 δὲ
550 2507 616 2578 ιἰπὸ
639 2517 702 2577 τοῦ
722 2509 892 2596 στρόγξ,
915 2513 1089 2596 στραγμός.
1126 2520 1256 2599 Σημαί-

144 2639 196 2680 νει
221 2613 258 2679 δὲ
289 2610 412 2699 στρδιγξ
434 2611 497 2699 τὴν
518 2612 603 2680 κατὰ
632 2608 754 2698 μικρὸν
772 2609 914 2697 πρόεσιν
935 2607 1082 2698 ὑδάτων,
1105 2610 1151 2693 ὥς
1172 2635 1256 2699 φησι

143 2720 331 2800 Δίδυμος
364 2714 479 2800 (schol.
515 2716 589 2782 edd.
624 2709 710 2781 ὅθεν
738 2714 793 2778 καὶ
826 2708 948 2798 στρὰγξ
983 2708 1004 2798 ἡ
1036 2710 1119 2780 κατὰ
1146 2716 1255 2802 βραχύ

144 2815 328 2903 πρόσθεσις
349 2822 425 2902 (ser.
447 2815 583 2901 πρόεσις
602 2820 665 2882 τοό
684 2811 831 2899 ὕδατος).

228 2921 352 2986 Neutro
368 2919 439 2986 loeo
457 2927 547 2984 earet
563 2919 790 3006 Diogenianus
807 2917 894 3004 apud
907 2917 1110 3005 Hesychium
1126 2922 1161 2985 II
1177 2927 1256 2990 1126

137 3019 325 3109 Ῥόμβος·
350 3023 443 3096 δῖνος
471 3020 545 3086 coll.
569 3020 670 3087 schol.
693 3020 736 3084 ad
757 3018 861 3085 Clem.
880 3019 977 3084 Alex.
1003 3020 1136 3088 Cohort.
1159 3047 1191 3111 p.
1217 3030 1255 3089 15
1348 3101 1350 3104 Ι

143 3127 185 3192 ab
207 3127 342 3192 Osanno
364 3124 407 3188 ed
426 3123 564 3188 Philem.
585 3146 618 3210 p.
645 3125 704 3186 112
725 3121 858 3187 laudato
881 3130 913 3187 et
933 3122 969 3186 II
994 3125 1075 3186 1278
1094 3123 1255 3206 Στρεό-

143 3252 274 3311 μεται·
307 3233 573 3306 ταλαιπωρείται.
603 3234 847 3290 καταπονείται.
869 3227 1025 3308 τρίβεται.
1048 3238 1253 3310 τριψημερεί.

142 3326 425 3414 Στρεόγομαι.
459 3328 634 3412 διατρίβω,
668 3320 730 3411 ἀφ’
762 3314 804 3390 οό
830 3325 885 3390 καί
915 3323 1085 3411 στρόγξ,
1124 3323 1145 3411 ἡ
1173 3324 1255 3412 μετὰ

143 3427 253 3518 βραχδ
269 3430 415 3516 πρόεσις.
433 3425 643 3512 στρεόμει·
666 3429 917 3512 προσδιατρίβει
938 3427 1069 3492 ΙΙ1276
1087 3426 1254 3511 στρόμξ·

142 3530 286 3618 σταγών.
335 3530 504 3596 Vocabulo
533 3526 656 3614 στρόγξ
677 3553 757 3594 usus
776 3538 826 3595 est
845 3529 1027 3594 Menander
1044 3530 1078 3593 in
1103 3530 1255 3594 thesauro

143 3633 257 3699 fabula
277 3642 360 3699 teste
380 3631 496 3697 Photio
512 3618 595 3713 541,
615 3635 645 3697 2.
686 3630 763 3697 Noli
784 3632 885 3717 igitur
905 3631 1055 3695 dubitare
1072 3630 1152 3716 quin
1170 3639 1255 3694 uter-

144 3758 207 3822 que
230 3735 320 3801 loeus
343 3757 361 3799 e
382 3733 521 3820 Didymi
540 3732 646 3797 lexico
670 3734 793 3798 comico
812 3731 970 3816 repetitus
992 3732 1044 3794 sit.
1087 3730 1255 3796 Meinekio

142 3860 272 3926 quoque
284 3841 422 3924 (quaest.
436 3856 481 3909 se.¹
494 3834 590 3918 IHp.
604 3836 636 3913 5)
657 3854 701 3895 ex
721 3831 784 3894 hoe
806 3852 903 3916 opere
925 3830 1024 3894 dueta
1047 3830 1253 3896 videbantur.

228 3940 275 4005 At
299 3939 443 4005 nondum
467 3943 571 4000 totum
596 3931 795 3996 curriculum
823 3932 947 3995 emensi
977 3953 1098 3996 sumus.
1149 3932 1255 4014 Quae·

143 4041 280 4106 rendum
301 4041 388 4104 enim
410 4047 469 4120 est,
487 4034 714 4100 laudandusne
735 4055 777 4097 an
799 4032 903 4098 salsus
925 4033 1019 4098 sito.
1035 4033 1254 4100 Schneiderns

144 4143 177 4206 in
199 4165 315 4208 comm.
336 4140 377 4205 de
399 4148 478 4204 vett.
498 4139 531 4204 in
550 4136 653 4202 Arist.
674 4134 788 4200 seholl.
810 4135 892 4200 font.
913 4157 946 4222 p.
970 4139 1026 4219 95,
1046 4139 1099 4203 eui
1122 4138 1253 4226 quidem

143 4240 318 4306 admodum
344 4240 515 4327 probabile
541 4239 687 4322 videtur,
718 4246 810 4303 ‘eum
840 4237 874 4300 in
896 4236 997 4302 schol.
1019 4238 1062 4303 ed
1083 4239 1142 4305 Ar.
1166 4239 1252 4305 Plut.

141 4345 203 4407 313
220 4351 253 4407 et
271 4341 373 4408 schol.
392 4342 435 4407 ed
452 4341 516 4428 Ap.
529 4341 592 4407 Rh.
606 4340 655 4405 IV
669 4345 749 4407 1614
768 4339 1073 4427 ap.1nvernizzium
1087 4341 1191 4430 praef.
1210 4343 1253 4407 ad
