2962 5024
236 383 297 444 218

238 546 516 634 σνγχρησάμενον
544 545 605 613 τὸν
632 550 808 632 Πίνδαρον
838 544 997 632 εὔχεσθαι
1024 559 1093 626 τοῖς
1111 546 1348 635 Διοσκούροις.
1464 578 1466 581 ’

236 655 270 717 οἱ
285 655 338 738 δέ,
371 647 422 716 ὅτι
440 644 606 734 Ἡρακλῆς
639 644 896 734 άποθεούμενος
929 647 1062 729 τούτοις
1092 650 1253 736 ἐπέτρεψε
1288 648 1351 718 τδν

236 750 368 839 άγοίνα,
398 746 443 830 ὡς
472 751 527 817 καὶ
557 746 659 829 αὑτὸς
683 747 701 817 ὁ
725 750 896 833 Πίνδαρός
918 771 1012 838 φησι.
1056 758 1097 842 τῇ
1116 748 1351 844 Ἀρισταρχείῳ

236 848 436 921 άποδόσειὸ
461 857 652 938 Δίδυμος
674 859 803 938 μᾶλλον
826 860 1054 939 προστίθεται.

323 957 375 1022 Of.
398 957 544 1022 Boeekh.
569 958 686 1043 explic,
711 958 806 1022 Pind.
831 982 862 1045 p.
889 960 957 1021 135.
985 962 1055 1021 136.

778 1152 808 1210 7.

322 1267 374 1330 Ol.
398 1269 429 1330 Γ
445 1271 483 1329 54
504 1260 689 1349 Ὀρθωσίᾳ,
712 1267 752 1349 τῇ
765 1258 940 1347 Ἀρτέμιδι.
986 1267 1061 1347 περὶ
1083 1268 1142 1347 τῆς
1161 1260 1351 1347 ’Λρτέμιδος

234 1363 486 1450 Ἀπολλόδωρος
506 1362 638 1448 γράφει.
682 1361 850 1445 Ὀρθωσία
879 1366 933 1448 δέ,
962 1361 1015 1431 ὅτι
1042 1363 1147 1449 ὀρθοί
1171 1369 1218 1444 είς
1239 1384 1350 1450 σωτη-

239 1474 332 1552 ρίαν,
357 1462 377 1552 ἢ
399 1463 504 1551 ὀρθοῖ
526 1464 606 1544 τούς
628 1468 841 1550 γενομένους.
886 1466 941 1533 καὶ
969 1469 1006 1532 έν
1025 1465 1183 1552 Ἀθήναις
1203 1469 1348 1553 ἵδρυται,

238 1571 275 1636 τὸ
299 1568 392 1652 ίερόν
415 1570 454 1633 δέ
474 1571 566 1634 ἐστιν
587 1570 625 1632 ἐν
647 1573 853 1657 Κεραμεικῷ.
878 1570 932 1633 καὶ
955 1565 1036 1650 παρ’
1059 1564 1198 1646 Ἠλείοις
1216 1565 1348 1654 Ὀρθω-

237 1676 310 1748 σίας
329 1666 519 1754 ’Δρτέμιδος
542 1667 651 1753 ίερόν,
675 1665 725 1746 ὥς
745 1687 849 1753 φησι
865 1671 1064 1753 Δίδυμος.
1109 1673 1201 1736 Vrat.
1225 1674 1268 1738 A.

324 1773 376 1837 Of.
405 1771 549 1859 Hesyeh.
580 1793 606 1836 ε.
637 1797 692 1838 vv.
726 1766 853 1854 Ὀρθία.
896 1769 1063 1855 Ὀρθωσία
1085 1773 1237 1859 Xenoph.
1266 1774 1347 1848 Lae.

237 1868 272 1956 2,
311 1880 347 1937 14)
381 1874 478 1937 Paus.
512 1874 564 1936 ΠΙ
590 1878 626 1937 16
660 1874 750 1938 Sext.
785 1875 880 1961 Emp.
914 1874 1047 1961 hypoth.
1079 1876 1194 1963 Pyrrh.
1224 1875 1277 1938 ΙΙΙ
1307 1879 1346 1939 24

238 1977 349 2039 Tzetz.
372 1973 521 2061 Lycoph.
548 1977 622 2038 1331
649 1975 771 2040 Meurs.
796 1977 854 2041 Gr.
883 1977 943 2041 fer.
968 2001 999 2063 p.
1022 1980 1073 2041 87.

782 2166 811 2227 8.

321 2277 373 2341 Ol.
399 2283 430 2342 E
456 2280 495 2342 20
516 2301 548 2365 p.
574 2282 633 2343 123
656 2279 761 2344 Bckh.
791 2275 974 2361 ὁἽππαρις
1000 2282 1129 2362 λέγεται
1154 2277 1212 2359 τὰς
1233 2281 1349 2364 ῥύσεις

237 2384 306 2444 τῶν
334 2374 470 2443 ὑδάτων
499 2381 588 2464 ἔχειν
612 2375 674 2462 ούχ
703 2373 841 2464 ὁμοίως,
876 2376 962 2447 άλλά
990 2377 1052 2465 τὴν
1080 2379 1143 2465 μέν
1174 2389 1347 2464 γλυκεῖαν,

240 2449 302 2563 τδγν
325 2480 361 2544 δὲ
386 2477 527 2565 πικράν,
551 2477 635 2565 ὅπερ
656 2479 816 2565 κρύπτων
844 2483 861 2546 ὁ
885 2479 1023 2567 ποιητὴς
1044 2480 1190 2567 σεμνούς
1209 2478 1348 2565 ὀχετούς

238 2583 335 2664 λέγει.
374 2576 529 2663 Ἵππαρις
550 2581 587 2647 δὲ
608 2581 756 2667 ποταμὸς
776 2589 941 2662 Σικελίας.

320 2679 423 2766 Φὴσω
453 2679 509 2748 καὶ
539 2682 755 2768 Καμάριναν,
792 2681 840 2750 ἵν’
867 2681 1023 2766 Ἵππαρις
1052 2680 1203 2768 ἀγκύλον
1241 2683 1345 2765 ἕρπει.

233 2783 443 2867 Ἀρίσταρχος
457 2786 614 2869 παριέναι
631 2785 713 2870 φησὶ
729 2781 955 2868 τδνἽππαριν
974 2783 1036 2870 τὴν
1055 2786 1155 2852 πόλιν
1174 2786 1229 2851 καὶ
1241 2805 1348 2870 προσ-

236 2885 354 2968 χέοντα
368 2887 454 2971 (cod.
478 2889 687 2973 προέχων..)
711 2887 1006 2954 συναναπλάσσειν
1028 2882 1115 2974 αὐτῇ
1136 2892 1211 2970 γῆν.
1238 2892 1348 2953 Τοῦτο

237 2988 277 3051 δέ
289 3003 394 3068 φησιν
411 2981 430 3050 ὁ
448 2989 640 3070 Δίδυμος
660 2984 856 3072 ἀμάρτυρον
875 2985 971 3055 εἶναι.
1016 2985 1059 3054 ού
1082 2983 1146 3072 γάρ
1168 2990 1346 3071 ἱστορεῖται

236 3088 311 3167 περὶ
340 3082 400 3151 τὸν
421 3082 580 3172 Ἵππαριν
609 3088 663 3153 καὶ
693 3086 756 3172 τὴν
784 3086 985 3174 Καμάριναν
1019 3093 1119 3155 τούτο
1150 3086 1345 3172 γενόμενον.

236 3191 373 3254 Βέλτιον
396 3178 461 3252 οὑν
484 3184 573 3254 οὑτω
596 3192 699 3266 τινές·
722 3188 837 3272 ἐπειδὴ
851 3190 884 3269 ἐξ
908 3187 1078 3274 ὑπογυιόυ
1097 3186 1301 3277 συνῴκισται
1323 3185 1370 3273 δι’

235 3289 429 3372 Καμάρινα,
457 3287 547 3355 καθά
573 3292 627 3354 καὶ
658 3292 792 3355 νέοικον
814 3286 921 3375 αὐτὴν
951 3290 1242 3383 προσηγόρευσεν,
1276 3312 1348 3372 γει-

235 3396 311 3478 τνιᾷ
341 3391 377 3457 δὲ
389 3387 544 3474 Ἵππαρις
566 3386 667 3479 αὐτῇ,
696 3389 778 3456 κατά
797 3397 897 3456 τούτο
918 3390 1041 3476 φάναι,
1068 3392 1121 3455 ἐπὶ
1142 3393 1205 3454 τού
1227 3405 1346 3454 συνοι-

236 3497 359 3575 κισμοῦ
387 3497 573 3558 κολλᾶσθαι
602 3487 663 3557 ὑπ’
694 3487 802 3569 αὑτοῦ
825 3496 970 3559 σταδίων
992 3486 1157 3572 θαλάμων
1182 3485 1347 3571 ὑψίγυιον

235 3595 322 3679 (cod.
341 3588 553 3678 ὑψίπυργον,
575 3595 661 3680 quod
684 3595 848 3678 Bergkius
870 3618 935 3659 non
956 3591 1096 3658 debebat
1115 3614 1174 3678 prp
1197 3591 1346 3656 lectionis

233 3696 391 3758 varietate
417 3694 555 3780 hebere)
586 3689 695 3770 άλσος.
745 3694 818 3759 ἐπεὶ
845 3691 884 3759 τά
914 3695 999 3780 (cod.
1026 3693 1153 3779 ἔπειτα)
1176 3690 1347 3776 ἐπιτήδεια

236 3791 321 3876 πρὸς
341 3791 402 3878 τὴν
422 3792 605 3878 οἰκοδομὴν
621 3790 677 3881 διὰ
699 3798 762 3858 τοῦ
783 3792 957 3859 κατάπλου
977 3796 1233 3877 προσεκομίζετο
1256 3793 1345 3878 (οοδ.

235 3896 382 3980 προεκ.),
415 3891 500 3960 ὥστε
530 3906 640 3959 ποιεῖν
665 3897 822 3971 σταδίους
850 3893 1037 3977 θαλάμους.
1083 3894 1138 3958 Sie
1166 3895 1344 3981 ‘reliquiae

233 3997 320 4060 docti
343 3996 420 4059 olim
441 3993 555 4058 scholii
579 4014 621 4056 ex
641 3996 734 4060 Vrat.
754 3996 813 4076 A‘,
836 3995 953 4082 quibus
975 3996 1107 4077 gemina
1129 3996 1198 4059 fere
1219 3994 1345 4080 profert

233 4096 315 4160 alter
337 4095 513 4160 scholiasta
533 4094 836 4178 apudssoeekhium
858 4118 889 4180 p.
907 4097 976 4157 122.
999 4094 1139 4184 Didymi
1155 4095 1343 4181 explicatio—

231 4219 304 4259 nem
327 4196 469 4281 amplexi
492 4201 569 4258 sunt
583 4193 742 4259 Libanius
763 4197 799 4258 ΙΙ
811 4220 843 4281 p.
858 4198 919 4260 386
938 4192 966 4255 Β
990 4203 1022 4258 et
1031 4194 1221 4260 Boeckhius
1242 4193 1341 4279 expli.

196 4330 202 4343 ·
232 4295 327 4358 Pind.
354 4318 387 4380 p.
412 4297 482 4358 149.
535 4326 538 4332 ·
