2964 5010
1206 391 1247 452 59

139 558 303 644 ιιήθαλος,
345 554 601 636 ἐγναψικίδαλος
642 564 675 619 et
709 554 979 639 ἐγκαψικήδαλος
1008 557 1062 621 vel
1091 557 1248 623 librorum

138 661 331 727 anctoritate
370 656 517 721 firmatae
546 655 599 720 vel
633 658 750 742 partim
788 680 806 721 e
838 659 1024 722 criticorum
1055 659 1249 723 coniecturis

139 769 328 850 prognatae.
373 757 490 842 Itaque
519 764 556 820 ut
586 780 663 822 cum
683 757 734 821 his
763 757 971 824 conciliemus
996 758 1249 841 Diogenianum‚

140 886 193 950 ap.
217 871 258 927 et.
280 884 322 925 m.
350 858 371 923 l.
396 879 441 938 a,
470 860 650 943 praestabit
678 855 896 942 αορνοιιόαον
926 859 979 924 vel
1013 855 1250 941 αορνοσκόιιον

139 969 298 1029 moechum.
350 960 459 1023 Unum
487 980 620 1044 moneo,
649 970 819 1026 accentum
845 960 937 1027 vocis
970 957 1103 1043 δράξων
1132 960 1166 1022 in
1195 981 1249 1045 pe-

139 1064 276 1129 nultima
296 1061 438 1151 positum
457 1060 537 1125 mihi
558 1085 624 1128 non
645 1064 752 1128 videri
773 1062 905 1151 probari
922 1085 1029 1149 posse,
1049 1062 1108 1126 sed
1123 1082 1249 1147 promo·

138 1165 280 1230 sendum
305 1165 341 1228 in
363 1162 527 1245 nltimam,
559 1168 818 1248 οαεριεατικῶν
838 1164 1001 1250 analogia.
1046 1159 1141 1246 Δράξ
1164 1163 1251 1228 enim

137 1275 186 1334 est
207 1288 336 1352 pugnus
354 1263 499 1351 pugillus
520 1265 722 1352 manipulus,
742 1264 795 1330 vel
817 1274 974 1353 quantum
996 1288 1112 1331 manus
1134 1287 1251 1353 capere

13 1428 14 1440 ,
138 1375 254 1454 potest.
308 1364 429 1448 Δράκα
460 1366 562 1451 igitur
592 1387 666 1430 cum
697 1367 861 1451 agricolae
891 1368 1059 1450 obferunt,
1089 1370 1251 1455 primitias

137 1470 300 1555 spicarum
321 1475 500 1552 mergetem
522 1465 710 1551 colligatam
731 1477 938 1550 consecrant,
961 1478 1060 1556 atque
1082 1492 1175 1536 sacer
1194 1471 1250 1536 ille

137 1571 262 1635 numini
289 1570 341 1635 oui
372 1567 513 1633 cerealia
539 1568 597 1632 illa
624 1589 761 1631 munera
788 1568 1011 1634 condonarent
1037 1571 1141 1653 locus,
1173 1572 1250 1637 inde

138 1693 204 1737 non
227 1672 293 1737 nisi
317 1665 451 1752 σραξολν
469 1668 629 1757 appellari
645 1669 716 1732 iure
729 1676 867 1754 poterat.
886 1707 931 1722 -
951 1671 988 1735 P.
1002 1675 1073 1754 529,
1090 1677 1130 1736 40
1150 1671 1250 1739 κατὰ

138 1771 291 1858 κόρρης
313 1769 443 1851 λέγεται
465 1764 502 1833 τὸ
523 1765 585 1852 τὴν
606 1766 747 1851 σιαγόνα
769 1772 898 1853 πλῆξαι.
923 1764 941 1837 ὁ
961 1769 997 1838 δὲ
1009 1766 1251 1860 ’Ἐρατοσθένης

139 1869 276 1939 ἅπασαν
298 1874 336 1958 (l.
360 1865 492 1934 ἅπασαν
514 1871 568 1936 vel
590 1863 811 1957 ἀποδίδωσιν)
834 1871 896 1956 τὴν
917 1877 975 1956 τῆς
995 1879 1250 1960 κεφαλῆςττλη-

138 1972 204 2060 γήν
222 1971 288 2040 ιιτὲ.
314 1972 459 2057 Hesych.
481 1972 590 2036 Ι1171
619 1969 721 2037 κατὰ
742 1969 910 2058 κόρρης·
941 1971 1024 2045 κατὰ
1045 1980 1108 2041 τοῦ
1127 1977 1250 2060 κροτα-

138 2067 249 2160 φονῆ
271 2069 355 2139 κατὰ
376 2076 434 2155 τῆς
455 2068 613 2155 σιαγόνος
632 2078 763 2158 πλῆξαι.
795 2071 942 2161 κόρση·
976 2073 1116 2162 κεφαλή.
1139 2079 1181 2144 cf.
1206 2090 1249 2145 et.

140 2178 226 2243 oud.
256 2180 328 2257 303,
351 2180 389 2241 31
423 2175 532 2240 Bekk.
563 2178 701 2243 anecdd.
729 2178 746 2242 1
777 2200 809 2263 p.
831 2179 893 2240 255
935 2179 1008 2244 Ael.
1038 2180 1177 2266 Dionys.
1196 2203 1249 2268 ap.

139 2276 289 2343 Eustath.
313 2277 354 2342 Il.
378 2278 408 2342 N
430 2301 461 2364 p.
485 2282 558 2361 947,
579 2281 620 2341 25
641 2277 824 2342 Bernhard.
850 2301 882 2364 p.
907 2281 968 2344 233
998 2280 1038 2345 fr.
1058 2282 1180 2347 XLVI.
1206 2322 1250 2336 ›-

138 2381 176 2445 P.
200 2384 272 2462 547,
293 2383 334 2442 50
365 2389 407 2444 et.
429 2380 516 2446 Gud.
540 2384 619 2462 355,
643 2385 683 2444 44
718 2375 919 2464 Κύρβεις·
949 2375 1251 2467 Ἐρατοσθένης

138 2478 326 2566 τριγώνους
356 2474 461 2558 αὐτάς
485 2498 591 2564 φησιν
610 2475 707 2562 εἶναι,
726 2475 767 2544 οὐ
791 2477 1023 2563 τετραγώνους
1049 2483 1123 2548 coll.
1147 2484 1249 2550 schol.

139 2583 248 2649 Nubb.
271 2587 332 2646 447
354 2620 398 2632 —-
417 2577 439 2665 ἢ
461 2575 508 2660 ὡς
526 2575 829 2664 Ἐρατοσθένης
850 2584 969 2663 φησίν·
994 2577 1084 2660 ἄξων
1105 2576 1251 2666 Ἀθήνη-

139 2700 195 2749 σιν
215 2678 305 2749 οὕτω
326 2682 552 2768 καλούμενος,
574 2682 612 2748 ἐν
634 2670 662 2769 ᾧ
684 2676 837 2776 οἱνομοι
859 2681 1067 2764 περιέχονται
1092 2687 1171 2770 (scr.
1194 2707 1253 2767 γε·

138 2781 321 2869 γραφαται)
342 2786 488 2850 Gramm.
509 2783 618 2849 Oram.
640 2785 682 2848 A.
696 2782 760 2847 Ox.
778 2782 795 2845 I
815 2804 847 2867 p.
867 2784 925 2845 221
948 2782 984 2848 11
1006 2807 1039 2871 p.
1057 2788 1120 2847 455
1148 2784 1250 2851 schol.

138 2888 202 2973 Ap.
232 2886 338 2953 Rhod.
363 2886 412 2951 IV
430 2889 492 2951 280
526 2884 628 2950 schol.
651 2883 735 2948 Plat.
761 2881 894 2948 Ruhnk.
923 2908 954 2971 p.
978 2888 1018 2949 38
1063 2885 1154 2953 Suid.
1175 2888 1247 2952 111

138 3011 170 3074 p.
192 2991 254 3053 466
281 3009 351 3075 sqq.
381 2988 433 3053 ed.
464 2986 585 3052 Bernh.
613 2985 740 3050 Nauck.
769 2985 871 3050 Arist.
901 2986 983 3073 Byz.
1013 3010 1046 3074 p.
1070 2992 1131 3053 220
1158 2991 1250 3055 cuius

138 3090 220 3154 haec
247 3088 351 3155 verba
379 3096 455 3154 sunt
494 3088 621 3154 ‘Minus
655 3097 808 3153 accurate
830 3091 1250 3177 sequitur'Aristophanem

138 3190 325 3277 Hesychius
356 3190 392 3254 11
424 3213 457 3276 p.
491 3191 584 3256 3852
641 3189 773 3255 Scilicet
809 3190 1060 3258 Eratosthenem
1095 3193 1251 3279 sequitur,

139 3314 235 3381 quem
249 3292 415 3379 Didymus
437 3293 664 3378 exscripserat,
687 3291 779 3356 cuius
793 3290 926 3358 lexicon
940 3295 1110 3374 comicum,
1124 3302 1162 3356 ut
1177 3294 1251 3359 aliis

139 3395 219 3460 locis
256 3394 422 3480 plurimis,
460 3393 523 3458 hoc
557 3413 685 3480 quoque
727 3391 799 3456 loco
824 3392 974 3457 adhibuit
1004 3392 1105 3457 schol.
1139 3392 1249 3480 Apoll.

139 3496 244 3560 Rhod.
269 3495 291 3558 l.
315 3495 337 3559 l.
361 3496 494 3578 (Bernh.
518 3493 683 3559 Eratosth.
706 3518 738 3581 p.
758 3496 844 3578 211.)
866 3534 910 3545 —-
931 3494 1110 3560 Herodian.
1131 3517 1183 3582 ap.
1208 3504 1250 3558 et.

139 3622 181 3662 m.
206 3600 284 3680 682,
305 3601 344 3660 55
373 3602 455 3662 Ποῖ
472 3600 611 3680 κῆηος·
642 3590 728 3680 ζήτει
750 3594 806 3659 καὶ
828 3599 943 3662 τοῦτο·
976 3608 1036 3661 αοῖ
1054 3599 1172 3680 κῆχος;
1205 3598 1252 3673 εἰς

140 3693 199 3764 τὸν
220 3693 387 3782 οὐρανόν·
400 3698 508 3764 -ιιαὶ
526 3693 782 3781 Ἀριστοφάνης·
807 3708 867 3762 ποῖ
880 3701 998 3781 κῆχος;
1018 3691 1126 3775 εὐθὺς
1150 3699 1251 3784 (recte

139 3800 258 3866 Valck.
277 3801 428 3866 Ammon.
452 3824 484 3888 p.
506 3803 543 3863 91
571 3794 673 3881 esitii)
695 3801 862 3872 Σικελίας.
894 3799 949 3863 καὶ
968 3792 1059 3880 παρὰ
1078 3795 1252 3880 Φερεκρα-

139 3924 205 3965 τει·
228 3912 288 3967 αοῑ
308 3906 425 3986 ιιηχος,
456 3899 511 3965 καὶ
533 3903 565 3965 sl
584 3900 647 3982 plo
666 3896 936 3981 ααρεζενγμένον
959 3890 1114 3981 εὑρήσεις
1134 3894 1171 3964 td
1195 3912 1255 3965 ποτ

138 4005 184 4089 τῷ
206 3999 299 4086 κήχει
396 3997 639 4083 Ἐρατοσθένης
661 3995 697 4063 dl
721 3996 854 4080 (Bernh.
878 4022 909 4084 p.
931 4000 1006 4082 227)
1029 3996 1191 4084 λαμβάνει
1213 4001 1249 4064 ἐκ

138 4100 261 4187 ταύτης
281 4109 338 4187 τῆς
358 4101 565 4181 συντάξεως·
590 4103 658 4165 ποῦ
678 4097 779 4183 ἐγγὺς
800 4098 854 4163 καὶ
874 4101 920 4176 εἰς
942 4104 1017 4164 τίνα
1038 4096 1162 4178 τόπον;
1182 4108 1249 4165 αοῦ

137 4198 253 4289 ὄντος,
284 4209 353 4270 ποῦ
382 4209 499 4289 κῆνο
537 4199 573 4269 τὸ
597 4205 644 4284 πῆ
662 4205 714 4284 κῆ·
752 4204 798 4284 πῆ
817 4199 933 4285 faris,
955 4206 1001 4287 πῆ
1020 4196 1129 4286 ἅγιος·
1165 4195 1250 4286 ὅπερ

138 4304 227 4371 ἐστὶν
256 4304 294 4372 ἐν
325 4309 371 4394 τῷ
404 4308 557 4389 ἔναγχος·
591 4309 702 4388 κῆχος.
742 4304 887 4382 ἔλλειψις
913 4297 979 4387 ἄρα
1011 4308 1072 4372 τοῦ
1098 4309 1131 4388 γ.
1176 4303 1251 4370 Non
