2948 5024
183 393 241 454 134
638 390 837 451 -Θ-

181 559 392 639 ιστοροῦμεν.
451 554 616 640 Didymus
651 546 733 618 οὐδὲ
767 550 856 637 παρὰ
888 551 1069 639 Ζηνοδότφ
1098 541 1195 637 ἦσαν.
1252 552 1290 615 L.

181 655 455 723 Friedlaenderus
478 664 510 721 et
531 654 685 720 hocloco
708 665 740 719 et
761 658 834 721 385.
856 657 930 720 528.
946 659 1008 719 557
1023 654 1211 719 Aristonico
1233 676 1294 719 suo

179 768 282 826 totum
304 756 451 823 scholion
472 756 635 838 vindicet,
657 757 765 821 minus
786 766 895 839 caute,
920 764 957 821 ut
978 760 1001 821 Ι
1024 758 1076 820 23.
1099 757 1151 819 24.
1174 757 1215 817 25
1238 755 1291 819 de-

180 860 293 926 clarat.
338 858 496 925 Necnon
517 863 540 924 I
562 861 635 923 416.
659 859 720 923 668
748 862 780 923 K
806 861 867 922 497
895 861 931 923 Ν
957 859 1019 922 868
1047 855 1218 922 nobiscum
1246 855 1294 920 fa·

180 965 235 1029 cit.
278 962 387 1049 Atque
405 983 521 1027 vorsus
541 968 710 1049 suspectos
731 982 752 1024 a
772 959 917 1047 Didymo
942 982 1007 1025 non
1029 961 1099 1025 sine
1121 959 1223 1024 verbo
1246 957 1294 1023 di-

179 1066 297 1130 missos
324 1085 397 1128 esse
427 1070 528 1128 testes
560 1072 636 1128 sunt
662 1063 813 1151 inprimis
845 1061 946 1127 schol.
975 1065 1004 1126 0
1032 1063 1072 1126 33
1111 1066 1145 1126 11
1173 1063 1235 1125 668
1267 1062 1296 1124 Τ
1389 1127 1397 1144 ‚

183 1167 243 1231 327
267 1167 301 1229 Ω
323 1166 397 1228 269.

266 1284 352 1362 [378.
373 1277 584 1365 Ἀρίσταρχος
608 1280 893 1366 προφανέντε,
913 1275 958 1359 ὡς
973 1280 1149 1363 (πληγέντε
1169 1302 1294 1361 κεραυ-

181 1388 242 1474 νῷ’
264 1385 356 1471 (455)
376 1384 514 1460 cornug-
544 1378 562 1448 ὁ
584 1379 621 1450 δέ
643 1380 833 1466 Ζηνόδοτος
854 1378 1031 1467 γηθήσει
1059 1385 1295 1467 προφανεί-

181 1506 258 1564 σας
280 1481 382 1552 ίδόν
403 1486 443 1564 ές
465 1487 626 1552 δοῦπον
648 1480 858 1569 ἀκόντων,
879 1485 1071 1549 συστέλλων
1093 1481 1155 1567 τὴν
1177 1488 1295 1548 τελευ-

183 1591 299 1673 ταίαν,
332 1583 570 1671 παροξυτόνως
594 1583 848 1672 προφερόμενος
875 1581 948 1669 μετ’
981 1583 1143 1664 ἐκτάσεως
1172 1589 1234 1650 τοῦ
1261 1610 1290 1650 α.

181 1693 251 1758 ἔστι
276 1688 314 1756 δέ
327 1684 476 1773 ἄκρατον
497 1686 648 1774 Δώριον,
672 1682 717 1766 ὡς
737 1684 774 1752 τό
804 1686 955 1771 ελαγέτας
979 1686 1100 1766 υίούς.’
1144 1688 1292 1776 (Pindar.

182 1792 235 1859 Ol.
258 1793 275 1857 I
297 1793 353 1877 89)
376 1791 430 1870 V.]
453 1789 600 1857 σπάνιον
622 1790 658 1857 δὲ
680 1794 814 1856 τοιοῦτο
837 1786 927 1873 παρὰ
948 1792 995 1876 τῷ
1014 1794 1144 1875 ποιητῇ.
1166 1791 1207 1854 A.

267 1911 340 1975 385.
371 1910 578 1975 Aristonicus
611 1905 815 1976 άθετοῦνται
848 1943 891 1958 -
920 1910 1132 1992 παντευχίαν.
1188 1909 1293 1996 Didy-

181 2034 254 2077 mus
299 2006 415 2094 ἠθέτει
451 2007 488 2075 δέ
520 2010 576 2076 καί
613 2005 863 2095 Ἀριστοφάνης.
920 2006 1110 2093 Ζηνόδοτος
1142 2005 1180 2075 δὲ
1211 2005 1293 2076 οὐδὲ

182 2116 340 2198 ἔγραφεν.
362 2112 404 2176 A.

268 2215 340 2279 389.
363 2218 569 2298 Πτολεμαῖος
588 2209 607 2280 ό
629 2217 690 2278 τοῦ
699 2208 884 2295 Ὀροάνδου
899 2213 936 2278 έν
957 2217 1002 2302 τῷ
1016 2213 1092 2296 περί
1113 2217 1175 2279 τοῦ
1191 2208 1295 2298 Ὀμη-

182 2319 283 2398 ρικοῦ
301 2318 508 2399 χαρακτῆρος
525 2310 581 2380 διὰ
600 2320 662 2380 τοῦ
680 2341 703 2382 v
722 2315 926 2400 προφέρεται
947 2312 1106 2394 λάζυτο.
1128 2315 1183 2381 καὶ
1203 2318 1294 2381 ἔστιν

183 2411 247 2482 οόκ
269 2412 429 2500 ἀδόκιμος
448 2413 469 2502 ἡ
491 2413 614 2501 γραφή.
635 2418 710 2483 AV.

268 2523 341 2583 465.
361 2514 467 2584 ἕλκε’
496 2513 847 2604 ἀπαλθήσεσθον·
876 2517 912 2585 έν
940 2524 980 2604 τῇ
1002 2516 1097 2606 ἑτέρᾳ
1117 2522 1186 2583 τῶν
1205 2512 1290 2601 Ἀρι-

182 2617 329 2704 στάρχου
350 2614 454 2686 ἕλκε’
479 2615 815 2705 άπαλθήσονται.
839 2619 894 2684 καί
915 2618 1041 2704 μήποτε
1064 2629 1231 2700 κρεῖττον·
1254 2614 1294 2684 τά

182 2719 262 2804 ἕλκη
284 2716 549 2806 άπαλθησονται.
572 2723 614 2788 Α.

267 2826 339 2889 408.
362 2816 588 2907 Ἀρίσταρχος·
614 2818 703 2888 ὅττι
726 2845 798 2887 κεν
821 2828 932 2888 είπω.
957 2824 999 2888 A.

267 2944 329 3005 415
351 2978 394 2989 -
413 2943 449 3005 αί
469 2941 505 3007 δὲ
531 2937 749 3024 Ἀριστάρχου
777 2938 833 3006 διὰ
853 2944 915 3005 τοῦ
934 2965 974 3026 η,
1003 2929 1025 3028 ἦ
1045 2942 1179 3006 τελέει
1202 2965 1291 3025 περ·

182 3041 236 3106 καί
258 3036 322 3124 γάρ
339 3035 357 3104 ὁ
372 3039 459 3120 Ζεός
473 3059 572 3126 φησι·
597 3040 634 3107 τό
655 3042 692 3107 δὲ
713 3041 768 3107 καί
783 3042 1019 3125 τετελεσμένον
1040 3044 1140 3107 ἔσται.
1163 3043 1291 3122 A[BL.]

265 3144 338 3206 423.
360 3137 481 3220 ἀδεές
504 3139 552 3209 δι’
575 3137 649 3221 ἑνός
672 3145 694 3209 δ
716 3137 973 3229 όἈρίστοιρχος.
997 3145 1039 3209 Α.

266 3262 339 3325 428.
364 3255 487 3343 άλλως·
513 3256 589 3339 [ότι]
618 3255 726 3338 οὕτως
748 3264 825 3326 voit·
845 3262 944 3345 χωρίς
960 3267 1020 3327 τοῦ
1036 3287 1068 3327 ν.
1092 3263 1134 3328 A.
1171 3263 1292 3329 Delon·
1406 3266 1413 3272 ’

181 3364 353 3429 dumosae
381 3356 432 3428 ότι
457 3369 592 3449 apparet
613 3362 707 3445 inde,
736 3361 823 3449 quod
853 3373 884 3427 et
907 3359 1016 3442 οὕτως
1037 3368 1198 3453 sequitur,
1228 3388 1292 3452 quo

180 3464 341 3530 vocabulo
358 3465 400 3530 ad
414 3463 596 3551 Didymum
610 3465 777 3546 trahimur,
798 3474 831 3528 et
848 3466 958 3554 diplen
976 3469 1113 3555 positam
1129 3466 1231 3531 fuisse
1245 3466 1291 3529 af-

179 3566 287 3630 firmat
308 3566 515 3632 Aristonicus
537 3567 571 3629 in
600 3565 816 3654 praecedente
839 3566 955 3631 scholii
977 3578 1080 3656 parte,
1103 3568 1189 3656 quod
1213 3590 1291 3633 non-

180 3667 262 3733 nulli
281 3670 475 3757 seripturam
498 3673 582 3732 voitu
601 3667 885 3755 amplecterentur.

265 3791 337 3851 441.
360 3781 469 3864 οὕτως
490 3782 699 3872 Ἀρίσταρχος
721 3791 912 3872 βωμοῖσι.
931 3788 973 3853 A.

264 3892 336 3953 449.
361 3900 498 3954 τοῖσιν
522 3885 665 3954 κότον·
684 3882 895 3973 Ἀρίσταρχος
916 3898 1036 3954 τοῖον
1057 3885 1209 3971 κότον,
1236 3886 1291 3952 καὶ

179 3990 245 4073 ἔχει
264 3985 341 4055 τινά
361 3993 518 4075 ἔμφασιν.
539 3991 581 4055 A.

262 4111 334 4173 543.
365 4106 543 4174 τούτων·
579 4110 810 4191 Παρμενίσκος
832 4107 869 4170 έν
890 4111 937 4194 τῷ
963 4105 991 4170 α’
1021 4103 1105 4190 πρός
1129 4104 1287 4189 Κράτητα

179 4204 224 4286 ὡς
242 4202 489 4293 Ἀριστάρχειον
509 4203 645 4292 γραφὴν
668 4208 871 4291 προφέρεται
893 4210 1058 4272 κείνων.
1078 4210 1120 4274 A.

265 4311 302 4374 αί
319 4305 581 4394 Ἀριστοφάνους
604 4309 762 4374 πέσσοι.
784 4309 826 4372 A.
