2932 5002
248 376 309 438 354

224 543 382 621 ’πετρῶν
403 545 536 603 κεῖσθαι
559 543 591 602 et
613 535 714 601 schol.
736 536 833 601 Pind.
856 535 951 601 Nem.
975 534 1010 598 ΙΙ
1033 539 1083 599 19.
1107 533 1183 599 Vid.
1205 543 1240 599 et
1258 533 1363 599 schol.

248 641 328 704 Eur.
358 639 482 705 Phoen.
514 642 573 703 159
604 637 645 703 V.
699 639 851 703 Ceterum
885 639 919 701 in
952 636 1014 700 boc
1045 635 1128 700 libro
1155 635 1365 701 conficiendo

248 742 439 828 saepissime
462 739 602 826 quidem,
625 742 673 805 uti
692 762 753 826 par
773 750 831 822 est,
848 736 1023 822 aDidymo
1038 737 1204 801 consultos
1218 758 1293 800 esse
1308 737 1365 801 de-

248 863 404 923 cessores,
426 840 644 923 Polemonem,
666 842 809 926 inquam,
831 837 1013 904 Diodorum
1040 836 1264 904 Callistratum
1290 840 1365 903 sive

248 942 429 1007 Meneclem
450 940 620 1028 probabile
639 950 701 1024 est,
734 942 793 1006 sed
822 964 887 1006 non
910 939 1040 1003 infimae
1063 949 1159 1004 notae
1181 940 1308 1004 fontem
1332 941 1365 1003 ci

249 1043 351 1107 fuisse
379 1045 527 1128 suspicor
554 1037 715 1124 ὁρισμούς
742 1047 801 1126 τῆς
820 1042 949 1115 πόλεως
972 1039 1121 1105 laudatos
1152 1063 1172 1105 a
1194 1041 1296 1106 schol.
1319 1042 1365 1106 ad

247 1144 350 1209 Arist.
371 1143 459 1208 Avv.
480 1148 541 1208 997
566 1144 669 1230 (998),
703 1145 731 1207 si
754 1144 886 1231 quidem
908 1142 970 1206 hoc
993 1140 1141 1205 scholion
1161 1165 1226 1208 non
1248 1145 1363 1230 potius

247 1269 268 1311 a
288 1244 482 1333 Symmacho
503 1242 696 1307 Atheniensi
728 1244 910 1331 profectum
941 1253 1006 1324 est,
1040 1265 1138 1329 quam
1160 1265 1180 1307 a
1201 1244 1363 1332 Didymo.

245 1347 354 1411 Locus
376 1344 432 1410 ille
454 1367 560 1432 neque
579 1344 737 1408 Meierum
760 1345 845 1430 sugit
867 1345 908 1409 de
930 1345 1091 1430 Harpocr.
1113 1367 1145 1430 p.
1170 1349 1209 1410 63
1234 1369 1267 1409 n.
1286 1349 1363 1427 355,

246 1469 352 1534 neque
375 1446 556 1510 Prellerum
577 1447 617 1510 de
632 1445 756 1510 Polem.
779 1467 811 1528 p.
828 1449 896 1524 175,
918 1447 974 1531 qui
995 1456 1103 1509 tamen
1125 1441 1288 1530 ὁρισμοὺς
1302 1451 1365 1529 τῆς

247 1545 376 1625 πόλεως
397 1549 582 1633 suspicatur
603 1545 792 1610 columellas
810 1544 913 1609 fuisse
936 1547 1134 1631 terminales,
1157 1549 1192 1611 in
1207 1571 1288 1634 quas
1303 1548 1366 1612 illa

245 1650 348 1715 verba
380 1648 543 1734 insculpta
572 1646 675 1711 fuisse
706 1644 896 1728 videantur,
931 1669 1014 1734 quae
1045 1649 1122 1714 inde
1153 1650 1366 1714 adnotaverit

246 1774 357 1817 eorum
385 1750 520 1836 aliquis,
553 1749 610 1835 qui
638 1757 865 1833 composuerat
891 1747 1056 1813 Atthidas.
1096 1742 1277 1834 ‘Oproporig
1305 1752 1365 1837 qui

246 1853 413 1939 scripserit
440 1860 569 1936 praeter
596 1848 759 1913 Teucrum
780 1848 1047 1936 (Cyzicenum'l),
1064 1852 1106 1915 ab
1129 1853 1303 1916 Athenaeo
1329 1853 1363 1914 X

244 1978 277 2040 p.
300 1958 362 2017 455
383 1952 565 2032 laudatum,
597 1949 721 2014 nullum
745 1952 896 2036 equidem
915 1954 992 2016 novi
1013 1954 1220 2040 scriptorem,
1254 1975 1363 2041 neque

245 2054 364 2118 Teucri
398 2073 479 2136 opus
506 2051 616 2113 versui
645 2049 837 2114 adstrictum
865 2051 1156 2140 chorographicum
1188 2077 1365 2139 argumen-

244 2166 314 2221 tum
335 2160 542 2240 persecutum
564 2173 636 2215 esse
656 2151 798 2216 videtur.
822 2154 956 2235 Tamen,
979 2156 1007 2217 si
1029 2156 1109 2240 quid
1132 2156 1239 2238 video,
1262 2149 1364 2237 ὁρισ-

244 2256 301 2342 μοὶ
323 2280 350 2320 τ.
373 2276 407 2319 π.
430 2254 563 2317 minime
583 2251 774 2316 columellae
797 2254 943 2338 fuerunt,
969 2256 1028 2320 sed
1050 2256 1134 2321 liber
1154 2258 1273 2343 aliquis
1297 2258 1364 2321 sor-

243 2370 330 2425 tasse
357 2377 490 2422 suasore
518 2364 551 2419 et
571 2364 703 2419 auctore
731 2357 926 2441 imperatore
952 2358 1061 2445 aliquo
1084 2360 1231 2424 Romano
1260 2359 1365 2423 Athe·

244 2483 360 2526 narum
382 2457 605 2522 amantissimo
628 2457 846 2542 conscriptus,
874 2460 965 2523 cuius
984 2470 1153 2547 parentem
1176 2463 1284 2546 ipsum
1306 2461 1365 2523 Di-

244 2563 379 2651 dymum
408 2557 606 2639 divinarem,
640 2559 669 2620 si
697 2557 813 2622 scholii
841 2569 954 2624 auctor
975 2584 1034 2647 pro
1054 2562 1156 2626 verbo
1176 2563 1363 2644 γέγραπται

244 2662 404 2731 vocabulo
434 2663 580 2741 εἴρηται,
608 2658 696 2744 quod
725 2659 869 2724 solemne
897 2671 947 2725 est
974 2665 1115 2727 auctoris
1138 2664 1293 2728 lectorem
1319 2665 1364 2728 ad

245 2765 335 2831 aliud
357 2785 451 2828 suum
473 2760 630 2845 scripturn
652 2762 867 2843 emendantia,
890 2785 969 2828 usus
993 2774 1088 2829 esset.
1112 2766 1165 2847 At,
1187 2788 1262 2829 cum
1285 2787 1364 2828 nus-

243 2889 340 2961 quam
373 2860 538 2950 proditum
568 2883 639 2924 esse
671 2861 817 2946 legamus
851 2867 1098 2948 grammaticum
1129 2876 1276 2930 nostrum
1305 2863 1367 2942 τὰς

244 2968 386 3053 λιπαρὰς
416 2971 470 3038 καὶ
499 2955 651 3043 ἆοιὸίμας
670 2956 815 3045 Ἀθήνας
836 2965 975 3047 adiisse,
1003 2969 1134 3031 omniuo
1160 2967 1255 3032 nobis
1281 2970 1366 3032 inte·

245 3080 338 3140 grum
361 3080 426 3122 non
448 3070 513 3143 est,
536 3071 572 3126 ut
594 3065 628 3126 in
650 3063 711 3129 hac
732 3086 849 3129 caussa
871 3067 1005 3132 scholiis
1024 3067 1214 3155 Sophocleis
1232 3070 1366 3134 Aristo-

243 3157 445 3245 phaneisquc
477 3163 517 3225 iis
551 3162 739 3248 abutamur,
783 3168 818 3230 in
850 3169 968 3254 quibus
1001 3170 1206 3235 Athenarum
1238 3174 1364 3236 mentio

245 3258 365 3323 iniecta
396 3263 454 3344 sit,
483 3266 660 3351 praecipue
692 3289 765 3330 cum
800 3279 831 3332 et
864 3269 1094 3355 Symmachum
1129 3273 1364 3359 Aristophanis

243 3361 453 3447 interpretem
480 3363 619 3428 Athenis
657 3369 829 3434 oriundum
861 3372 962 3437 fuisse
996 3398 1013 3439 e
1047 3375 1148 3440 schol.
1182 3377 1240 3439 Ar.
1276 3376 1363 3440 Ach.

250 3466 305 3526 145
347 3474 473 3529 constet
512 3467 571 3553 (Ο.
618 3469 807 3536 Schneider.
846 3496 879 3559 p.
914 3477 974 3562 Sl)
1015 3488 1047 3542 et
1086 3478 1179 3541 Pium
1220 3475 1363 3542 alterum

244 3562 440 3629 scholiorum
461 3568 756 3638 Laurentianorum
779 3576 903 3640 fontem
934 3578 1064 3664 (Ritter.
1088 3577 1223 3665 Didym.
1248 3602 1363 3666 opusc.

242 3684 275 3747 p.
296 3666 335 3726 37
357 3663 470 3732 Wolff.
493 3693 526 3755 p.
551 3673 591 3735 24
621 3671 790 3761 Suringar.
815 3677 890 3742 hist.
921 3677 1087 3742 scholiast.
1115 3678 1154 3744 T.
1180 3681 1213 3744 ll
1241 3705 1273 3768 p.
1300 3685 1364 3746 242

162 3831 164 3835 ,
245 3762 384 3828 Teuber.
409 3767 450 3831 de
473 3772 588 3836 Servio
610 3774 778 3841 Honorato
793 3801 825 3864 p.
843 3783 877 3842 51
905 3780 968 3846 Iul.
988 3781 1133 3847 Richter.
1150 3784 1191 3849 de
1206 3783 1364 3871 Sophocl.

245 3872 306 3927 etc.
330 3865 464 3955 interpr.
488 3896 520 3959 p.
544 3876 585 3936 82
608 3875 720 3940 Wolff.
745 3878 898 3966 Prolegg.
922 3906 955 3969 p.
975 3883 1124 3969 CCLIV)
1152 3885 1272 3950 multas
1297 3897 1365 3951 stu-

246 3964 373 4030 diorum
393 3975 501 4054 gratia
521 3979 800 4062 peregrinationes
822 3986 1005 4070 suscepisse
1024 3995 1224 4071 compertum
1241 3988 1366 4055 habea-

237 4085 316 4229 lpnutp
343 4072 489 4256 e]schol.
521 4077 617 4142 Hom.
647 4080 767 4166 Odyss.
797 4083 817 4145 d
841 4087 904 4147 356
935 4093 961 4151 e
990 4089 1052 4150 372
1083 4087 1152 4173 [ld
1177 4093 1217 4151 65
1246 4112 1279 4175 p.
1304 4095 1366 4156 124

267 4188 287 4228 u
317 4190 359 4232 m.

689 4277 898 4289 ——-..
