2962 5024
252 406 313 467 250

250 567 477 655 ἀντίστροφον
498 572 545 658 τῷ
557 572 626 658 Κίμ
646 571 815 652 λέγεσθαι.
847 570 945 633 τοῦτο
966 557 1030 632 ούν
1050 584 1167 651 φησιν,
1187 562 1240 634 ότι
1262 563 1365 634 οὐδέ-

207 701 209 703 ’
251 697 330 739 ποτε
350 677 555 757 κακοβουλεί
572 667 801 756 ὁΘιγραμένης
821 665 866 747 ὡς
887 671 925 735 έν
946 664 1177 755 ἀστραγάλοις,
1195 665 1264 735 ἀλλ’
1290 671 1366 737 έπι-

250 772 417 857 τυγχάνει.
466 770 657 857 ἐπιπλήττει
685 772 721 838 δέ
745 767 836 861 αὐτῷ
864 766 882 837 ὁ
911 769 1154 856 Δημήτριος
1179 765 1224 849 ὡς
1244 773 1366 851 τελέως

248 871 441 960 ἀγνοοῦντι,
464 870 517 940 ὅτι
531 879 612 952 Κίος
634 865 686 958 ἦν.
710 878 906 957 παραλείπει
930 869 966 967 δὲ
989 868 1079 957 ὅμως
1101 873 1157 938 καί
1174 868 1289 957 αύιός,
1311 869 1365 939 ὅτι

249 970 355 1058 οὐδὲν,
385 965 485 1060 ἧττον
518 974 607 1061 παρὰ
635 971 697 1059 τὴν
723 969 893 1040 ὑπόνοιαν
917 979 1044 1058 είρηται
1070 968 1145 1038 ἀντί
1174 976 1236 1037 τοῦ
1264 978 1366 1062 Κῷος

248 1083 340 1156 Κίος.
385 1078 577 1162 Δίδυμος
599 1077 638 1144 δέ
658 1095 774 1160 φησιν,
796 1072 849 1142 ὅτι
868 1073 1009 1142 δύναται
1034 1073 1165 1159 καὶτῆς
1184 1082 1366 1160 παροιμίας

248 1183 457 1265 μεμνῆσθαι,
488 1174 531 1244 ού
550 1185 631 1256 Χίος
657 1174 741 1243 ἀλλά
764 1182 861 1263 Κίος,
891 1175 1044 1261 παρόσον
1068 1181 1220 1256 ποικίλος
1242 1203 1292 1256 τις
1314 1172 1366 1243 ὦν

249 1280 303 1356 καί
325 1275 547 1363 ἀγχίστροφος
577 1286 762 1369 καθωμίλει
782 1275 862 1357 τούς
884 1279 1022 1360 καιροὺς
1046 1274 1130 1363 πρὸς
1152 1276 1189 1344 τό
1209 1290 1364 1361 κρεῖττον

248 1372 347 1466 μέρος
371 1376 422 1447 ἀεὶ
443 1378 560 1460 διδούς
582 1380 713 1449 ἑαυτόν.
750 1382 802 1447 Cs.
826 1381 987 1448 Gerhard.
1012 1382 1053 1446 de
1074 1381 1266 1447 Aristarcho
1288 1383 1364 1446 Ari·

248 1483 415 1570 stophanis
436 1485 572 1571 interpr.
595 1508 627 1571 p.
652 1488 704 1550 30.
728 1488 780 1568 31,
803 1485 908 1549 Bonn.
936 1487 1027 1548 1850.
1052 1487 1081 1549 8.

711 1669 715 1677 ·
780 1641 828 1702 16.

336 1760 415 1820 1017
440 1757 564 1844 (1021).
595 1795 636 1806 -
658 1794 700 1807 —
722 1757 925 1838 Δίδυμος,
948 1749 1000 1819 ότι
1022 1751 1285 1839 Μαμμάκουθος
1306 1757 1364 1822 καὶ

247 1860 433 1941 Μελιτίδης
457 1857 510 1922 ἐπὶ
532 1863 642 1944 μωρία
665 1856 893 1942 διεβάλλοντο.
937 1856 1093 1938 καθάπερ
1111 1857 1166 1939 καὶ
1188 1853 1206 1923 ὁ
1230 1864 1363 1923 Βουτα-

247 1963 330 2024 λίων
355 1961 409 2024 καί
431 1953 448 2023 ὁ
470 1955 647 2045 Κόροιβος.
686 1956 814 2044 μήποτε
839 1957 875 2023 δέ
900 1958 1067 2041 γραπτέον
1090 1965 1142 2043 είη
1165 1957 1363 2043 Μαμμάκυ-

247 2067 307 2126 θοι
328 2058 385 2124 διὰ
407 2057 469 2125 τόν
492 2065 615 2144 στίχον.
660 2062 794 2126 Videsis
824 2083 875 2125 me
897 2062 932 2124 in
953 2061 1062 2126 annal.
1085 2061 1254 2147 Marhurg.
1280 2062 1361 2124 1853

247 2163 327 2227 fase.
349 2166 420 2248 sp.
445 2165 517 2227 517.

776 2269 825 2329 17.

335 2386 414 2447 v1055
439 2381 562 2469 (1060).
582 2420 626 2430 —
642 2420 686 2430 —
706 2422 748 2431 —
769 2379 888 2459 ἄλλως.
926 2382 1138 2463 Δίδυμος,
1162 2373 1213 2446 ὅτι
1234 2375 1277 2445 ού
1300 2404 1361 2446 πε-

247 2482 395 2567 ριέχουσι
417 2482 571 2557 θάνατον
593 2478 744 2565 Δαρείου
767 2485 802 2550 οἱ
821 2487 949 2565 Πέρσαι
976 2477 1013 2548 τό
1038 2483 1157 2566 δρᾶμα,
1200 2481 1253 2547 διό
1272 2505 1362 2561 τινες

248 2588 447 2675 (Herodieus
469 2595 547 2674 puta
570 2595 602 2650 et
616 2586 864 2671 Eratosthenes)
887 2579 1000 2662 διττάς
1018 2583 1173 2661 καθίσεις
1198 2583 1361 2671 [τουτέστι
1439 2637 1457 2668 ,

247 2689 472 2777 διδασκαλίας]
497 2692 565 2753 τῶν
584 2692 728 2772 Περσῶν
750 2695 840 2771 φασί.
865 2688 921 2753 καὶ
943 2683 1006 2771 τὴν
1023 2691 1102 2771 μίαν
1124 2687 1184 2773 (se.
1200 2683 1359 2767 κάθεσιν)
1405 2716 1408 2722 ·

247 2786 292 2874 μὴ
315 2784 491 2873 φέρεσθαι.
539 2785 626 2867 τινὲς
648 2789 685 2855 δὲ
715 2790 811 2876 (he.
836 2790 988 2876 Chaeris)
1016 2786 1187 2874 γράφουσι
1210 2793 1361 2868 Δαρείου

247 2894 308 2954 τοῦ
327 2891 463 2973 Ξέρξου.
486 2891 520 2955 οί
537 2889 585 2974 δέ,
608 2885 660 2956 ὅτι
682 2903 751 2968 τοῖς
773 2896 903 2973 κυρίοις
924 2886 1282 2972 ἀντίπατρωνυμικῶν
1303 2891 1362 2954 κε’-

246 3015 407 3080 χρηνται.
437 2991 492 3055 καὶ
526 2987 578 3056 ὅτι
611 2986 629 3055 ὁ
663 2993 803 3078 Ξέρξης,
838 2994 873 3057 οί
899 2989 936 3057 δὲ
961 2986 1013 3057 ότι
1042 2994 1184 3056 εἴδωλον
1210 2996 1362 3073 Δαρείου

248 3091 432 3178 φθέγγεται
453 3093 524 3156 ἐκεῖ
550 3092 754 3176 τεθνηκότος
777 3089 945 3177 δηλονότι.
990 3094 1031 3157 In
1052 3086 1104 3156 his
1126 3092 1281 3167 καθέσεις
1294 3115 1361 3178 ‘pro
1443 3086 1445 3089 ’

247 3192 361 3267 θέσεις
392 3192 529 3256 debetur
552 3194 707 3259 Kustero.
753 3196 866 3272 θέσεις
895 3195 1044 3260 defendit
1064 3192 1277 3278 Dindorf.·p.
1298 3197 1361 3256 4116
1382 3225 1384 3229 ·

249 3294 382 3358 Invern.
406 3293 480 3358 eoll.
509 3293 610 3361 schol.
635 3295 718 3362 Plat.
747 3320 779 3383 p.
808 3299 869 3361 330
896 3296 1005 3360 Bekk.
1029 3335 1071 3344 -
1099 3294 1152 3360 cf.
1176 3292 1360 3358 Blomfield.

231 3391 352 3483 praef.
384 3395 426 3459 ad
451 3395 542 3460 Pers.
569 3421 601 3483 p.
625 3397 725 3462 XXV
760 3399 879 3464 Bernh.
905 3396 1071 3462 Eratosth.
1095 3420 1126 3483 p.
1152 3398 1211 3458 224
1236 3394 1360 3480 Haupt.

247 3519 377 3563 excurs.
408 3498 450 3569 ed
473 3498 631 3587 Aeschyli
656 3501 748 3583 Pers.
777 3524 809 3586 p.
836 3503 897 3566 287
926 3497 1133 3585 Bernhardyi
1160 3496 1208 3562 lit.
1237 3496 1296 3560 Gr.
1325 3495 1359 3559 h.

248 3601 284 3664 11
307 3622 338 3686 p.
364 3604 436 3665 770.
1027 3613 1031 3620 ·

476 3725 479 3728 ’
692 3747 696 3753 -
778 3707 826 3768 18.

336 3821 416 3883 1332
439 3820 563 3906 (1340).
585 3858 683 3871 ·-—
700 3822 887 3905 Δίδυμος
907 3820 944 3885 δέ
962 3825 1198 3904 προστίθησιν,
1214 3811 1266 3881 ὅτι
1282 3815 1361 3881 elei-

248 3926 354 3995 θασιν
380 3914 455 3985 ἀντὶ
477 3920 582 4002 λύρας
603 3920 765 4004 κογχύλια
792 3922 851 3986 καί
874 3916 1037 4003 όστράκια
1066 3918 1264 4002 κρούοντες,
1299 3912 1360 3982 εύ-

248 4018 386 4103 ρνθμόν
403 4045 479 4085 τινα
498 4012 581 4104 ἦχον
602 4016 777 4087 ἀποτελεῖν
797 4032 866 4099 τοίς
883 4017 1112 4106 ὀρχουμένοις.
1139 4021 1260 4086 Athen.
1274 4020 1360 4084 XIV

247 4143 279 4207 p.
300 4125 361 4187 636
389 4122 463 4186 DE.
509 4124 696 4206 Δίδυμος
719 4123 758 4187 δέ
778 4141 883 4205 φησιν
907 4126 1064 4190 εἰωθέναι
1085 4119 1179 4198 τινὰς
1201 4117 1276 4185 ἀντὶ
1299 4125 1360 4203 τῆς

247 4221 352 4304 λύρας
373 4222 536 4306 κογχύλια
557 4223 612 4286 καί
634 4217 781 4305 ὄστρακα
803 4222 1055 4307 συγκρούοντας
1075 4225 1250 4310 ἔρρυθμον
1271 4225 1357 4308 (ένρ.

248 4322 317 4388 ΑΡ.
336 4317 406 4405 εὕρ.
430 4323 466 4388 O.
483 4325 560 4388 Bas.
575 4325 630 4412 L.)
651 4316 733 4408 ἦχόν
755 4349 829 4393 τινα
852 4320 1027 4392 ἀποτελεῖν
1038 4336 1108 4403 τοῖς
1128 4320 1358 4410 ὀρχουμένοις,
