2948 5024
250 412 280 449 Νι

775 540 784 597 1

330 682 478 740 παγαί.
500 657 597 730 1312
614 653 665 717 ed.
679 652 787 716 Bekk.
809 655 1088 750 ξηραλοιφεῖν
1103 653 1232 736 ἐλέγετο
1252 659 1353 738 χωρίς

248 797 292 825 .,.,
305 786 385 835 ,μοι
414 762 623 832 ...stipium
643 747 689 827 ιύς
708 753 901 833 Δίδυμος
928 749 965 814 έν
988 753 1120 837 είκοστη
1141 749 1248 841 ὀγδόη
1270 781 1351 839 τρα-

260 888 333 936 .,..,,·
366 864 490 931 negem.
544 852 689 938 Hesych.
720 852 754 915 ΙΙ
783 855 844 916 703
877 851 1145 934 ξηράλειψιν·
1180 850 1218 920 τὸ
1252 857 1353 939 χωρὶς

247 992 290 1024 ,οι
305 964 381 1038 appe)
420 956 620 1036 ἀλείφεσθαι
658 948 678 1036 ἢ
712 957 994 1037 ξηροτριβείσθαι.
1021 955 1275 1031 ,Εωοοάοοοωι
1306 959 1350 1022 Η.

242 1063 350 1142 δἐι-ρο.
376 1060 490 1121 Heius.
514 1053 668 1118 Bourdel.
691 1053 733 1116 ad
756 1053 892 1116 Lucian.
916 1053 1057 1140 Lexiph.
1080 1056 1133 1119 t.1
1152 1079 1185 1142 p.
1198 1060 1259 1122 823
1278 1078 1351 1144 pro-

240 1170 334 1224 οιιιιιο
353 1157 387 1218 1·“.
402 1153 532 1219 Rankio
551 1153 592 1215 de
603 1151 683 1215 Hes.
702 1173 734 1237 p.
753 1153 810 1214 134
832 1150 979 1216 Lobeek.
998 1152 1122 1241 Phryn.
1140 1178 1172 1241 p.
1190 1161 1262 1220 571.
1276 1160 1350 1220 572.

242 1258 260 1315 11
268 1257 322 1318 ide
360 1263 543 1339 praeterea,
579 1272 619 1313 ne
652 1270 803 1314 mancum
832 1248 1010 1314 habeamus
1045 1250 1350 1337 Harpocrationem.

238 1355 355 1420 suidas
378 1353 509 1440 quidem
530 1351 592 1416 111
617 1374 649 1437 p.
667 1352 757 1432 1038,
781 1354 817 1414 19
839 1351 932 1414 addit
951 1348 1079 1434 μήποτε
1101 1351 1138 1417 δέ
1159 1354 1214 1417 καί
1229 1349 1266 1419 τὸ
1283 1348 1350 1420 άπὸ

239 1461 305 1523 τιῦν
333 1450 500 1521 ἄλειπτών
532 1450 718 1536 λεγόμενον
757 1455 1029 1536 ξηροτριβεῑσθαι
1064 1450 1172 1531 οὕτως
1208 1456 1348 1539 έλεγέτο.

240 1558 394 1623 Extmmn
418 1554 517 1628 haec,
551 1575 747 1640 quamquam
776 1574 839 1616 om.
870 1554 917 1635 A,
950 1563 1061 1617 tenent
1083 1555 1200 1643 reliqui
1221 1556 1296 1622 libri
1320 1567 1352 1620 et

237 1658 331 1724 Phot.
344 1660 415 1737 309,
428 1662 458 1720 5.
489 1655 573 1720 Cum
591 1655 737 1740 Didymo
758 1654 838 1718 facit
856 1654 922 1719 lex.
946 1655 1056 1720 Bokk.
1081 1659 1151 1739 284,
1175 1661 1212 1722 13
1236 1681 1351 1744 parum

237 1759 300 1825 sibi
318 1767 472 1825 constans
487 1759 591 1840 284,1
617 1756 692 1820 coll.
716 1767 758 1820 et.
783 1780 824 1820 m.
849 1759 920 1839 612,
944 1758 984 1820 20
1007 1758 1109 1822 schol.
1128 1759 1263 1823 Lucian.
1282 1762 1303 1824 1.
1321 1784 1350 1824 c.

237 1863 357 1945 Georg.
385 1859 506 1945 Lecap.
535 1861 570 1922 in
595 1859 711 1923 Matth.
738 1858 826 1922 lectt.
855 1859 960 1945 Mosq.
987 1881 1020 1945 p.
1046 1862 1086 1923 72
1119 1860 1273 1926 Schneid.
1308 1862 1349 1926 ad

236 1959 399 2047 Theophr.
424 1959 472 2024 IV
493 1963 554 2024 769
576 1959 745 2046 Wyttenb.
766 1958 852 2023 Plut.
878 1958 926 2022 VI
949 1982 981 2045 p.
1005 1962 1077 2024 950.

780 2115 810 2176 2.

322 2231 471 2296 Eundem
499 2230 635 2313 librum,
664 2251 759 2316 quem
789 2227 951 2313 τραγικὴν
974 2234 1063 2310 λέξιν
1081 2235 1272 2320 inscriptum
1296 2237 1351 2299 ha-

236 2335 308 2402 buit
335 2333 571 2419 Harpocratio,
608 2331 887 2419 τραγῳδουμένης
917 2332 1034 2411 λέξεως
1064 2335 1275 2423 inscriptione
1304 2340 1352 2402 in-

236 2437 392 2522 signitum
420 2434 572 2500 evolvere
597 2434 690 2498 licuit
717 2432 886 2499 Macrobio
913 2432 979 2500 Sat.
1010 2435 1041 2500 V
1072 2440 1108 2501 18
1146 2443 1228 2504 ‘Cur
1254 2456 1351 2507 autem

234 2546 278 2604 sic
306 2546 387 2619 λοηνί
413 2543 491 2602 soliti
510 2544 583 2613 sint,
611 2540 766 2616 Ephorus,
800 2543 966 2601 notissimus
989 2547 1119 2620 scm'ptor
1150 2547 1350 2620 historiarum,

234 2645 310 2706 libro
336 2644 376 2705 II
400 2645 525 2706 oslendit
547 2644 594 2703 his
614 2643 728 2717 verbis,
762 2648 831 2715 τοῖς
861 2635 923 2722 μὲν
953 2629 1017 2704 ούν
1047 2636 1159 2720 ἄλλοις
1190 2655 1351 2728 ποταμοῖς

236 2743 270 2807 οί
299 2739 523 2825 πλησιόχωροι
563 2737 671 2826 μόνον
702 2738 846 2806 θύουσι·
888 2736 948 2806 τὸν
980 2741 1017 2806 δέ
1048 2737 1210 2833 Ἀχελῷον
1242 2743 1350 2831 μόνον

235 2838 384 2919 ἅπαντας
405 2837 611 2925 ἀνθρώπους
634 2844 825 2928 συμβέβηκε
847 2846 948 2927 τιμάν
967 2839 1009 2910 ού
1032 2857 1101 2923 τοῖς
1120 2860 1247 2926 κοινοῖς
1268 2843 1350 2916 ὀνύ-

235 2961 337 3027 μασιν
359 2938 434 3008 ἀντὶ
459 2947 526 3008 τών
549 2946 661 3027 ίδίων,
687 2949 748 3009 τοῦ
768 2939 933 3034 Ἀχελῴου
960 2943 1023 3032 τὴν
1047 2950 1135 3014 ἰδίαν
1154 2948 1349 3037 ἐπωνυμίαν

236 3045 289 3110 ἐπὶ
312 3039 347 3109 τὰ
372 3042 490 3110 κοινὸν
512 3046 767 3130 μεταφέροντες.
792 3046 837 3113 Τὸ
861 3046 923 3132 μέν
947 3046 1011 3134 γὰρ
1033 3047 1127 3134 ὕδωρ
1150 3047 1248 3139 ὅλως,
1265 3049 1348 3137 ὅπερ

237 3146 305 3210 ἐστὶ
327 3142 445 3211 κοινὸν
466 3141 585 3232 ὄνομα,
608 3143 673 3213 άπό
697 3153 755 3233 τῆς
775 3151 859 3227 ἰδίας
875 3150 1007 3216 ἐκείνου
1024 3159 1249 3237 προσηγορίας
1259 3151 1349 3240 Ἀχε-

236 3251 325 3335 λςῦον
348 3252 537 3333 καλοῦμεν,
560 3254 629 3315 τών
652 3248 688 3316 δέ
711 3246 823 3318 άλλων
845 3249 1023 3337 ὀνομάτων
1042 3251 1081 3321 τὰ
1103 3252 1201 3321 κοινά
1223 3257 1349 3324 πολλά-

235 3374 287 3428 κις
304 3344 380 3415 άντλ
403 3354 471 3416 τών
489 3354 585 3417 ίὸιίον
605 3347 823 3438 ὀνομάζομεν,
846 3352 926 3433 τούς
943 3354 1006 3440 μέν
1020 3352 1221 3442 Ἀθηναίους
1230 3354 1349 3443 Ἕλλη-

236 3476 307 3535 νας,
330 3450 408 3529 τούς
426 3452 462 3518 δὲ
476 3456 765 3538 Λακεδαιμονίους
776 3462 1074 3543 Πελοποννησίους
1088 3454 1346 3538 ἀποκαλοῦντες.

239 3550 372 3626 Τούτου
393 3551 429 3617 di
452 3559 514 3618 τοῦ
532 3549 745 3641 ἀπορήματος
760 3553 863 3625 οὐδὲν
886 3563 1005 3645 έχομεν
1019 3560 1215 3628 αἰτιώτατον
1232 3565 1351 3645 εἰπεῖν,

235 3647 256 3737 ἢ
281 3653 361 3731 τούς
391 3655 428 3719 έκ
456 3654 629 3741 Δωδώνης
658 3658 839 3744 χρησμούς.
889 3659 1022 3747 Σχεῦόν
1051 3660 1114 3746 γάρ
1143 3660 1200 3748 ἐφ’
1226 3659 1351 3731 ἅπασιν
1417 3711 1421 3717 -

235 3750 351 3834 αύταῖς
385 3756 570 3843 προσάγειν
604 3755 622 3826 ὁ
649 3758 731 3840 θεὸς
772 3768 896 3830 εἴωθεν
926 3760 1074 3855 Ἀχελῴω
1102 3763 1222 3851 θύειν,
1266 3762 1351 3834 ώστε

237 3857 352 3922 πολλοὶ
376 3863 583 3944 νομίζοντες,
615 3855 656 3926 ού
684 3859 745 3927 τὸν
781 3865 945 3949 ποταμὸν
966 3865 1026 3931 τὸν
1055 3863 1102 3934 δι’
1135 3863 1353 3953 Ἀκαρνανίας

235 3956 365 4041 ῥέοντα,
387 3953 471 4027 ἀλλὰ
499 3958 535 4026 τὸ
557 3959 707 4030 σύνολον
729 3959 824 4049 ὕδωρ
842 3967 1005 4056 Ἀχελῷον
1027 3963 1094 4035 ύπό
1116 3974 1178 4035 τοῦ
1199 3974 1352 4055 χρησμοῦ

236 4062 430 4143 καλεῖσθαι,
456 4062 622 4129 ίῦιοῦνται
647 4061 706 4143 τὰς
728 4071 790 4132 τοῦ
812 4074 899 4134 θεοῦ
922 4075 1158 4156 προσηγορίας.
1203 4078 1353 4157 Σημείον

234 4158 288 4241 δέ,
312 4155 364 4224 ὅτι
389 4157 472 4245 πρὸς
493 4161 529 4228 τό
553 4171 651 4231 θεῖον
673 4162 903 4255 ἀναφέροντες
924 4167 1014 4238 οὕτω
1037 4174 1148 4257 λέγειν
1172 4172 1350 4258 εἰώθαμεν.

234 4258 392 4327 Μάλιστα
422 4258 487 4346 γάρ
519 4262 555 4330 τό
592 4262 686 4352 ὕδωρ
716 4265 879 4360 Ἀχελῷον
904 4274 1203 4360 προσαγορεύομεν
1226 4275 1263 4340 έν
1284 4286 1353 4353 τοῖς
