2948 5024
201 375 262 437 120
655 379 852 440 -13—

285 543 358 606 593.
378 542 467 620 τινὲς
488 540 525 608 δὲ
546 546 789 627 μεταποιοῦσιν
810 544 850 623 ἐς
865 531 1052 630 Λῆμνον·
1075 539 1151 611 ἀλλ’
1174 539 1194 610 ὁ
1217 568 1316 629 ποιη-

200 638 259 729 τὴς
276 646 394 728 χρῆται
415 647 461 732 τῷ
483 641 627 733 τοιούτῳ
648 643 789 731 σχήματι
819 647 875 713 ’ἐν
893 643 925 714 δ’
952 641 1044 713 ἔπεσ’
1061 641 1227 736 Ὠκεανῷ’
1260 648 1314 735 (ΙΙ.

200 750 230 810 Θ
252 748 342 830 485),
371 740 561 812 “κάππεσεν
586 746 624 811 ἐν
652 752 801 835 κονίησι’
830 749 886 837 (ΙΙ.
911 752 1057 838 0538),
1086 753 1173 836 (θοῇ
1201 748 1238 815 ἐν
1258 751 1318 833 νηί

201 845 360 934 πέσησιν’
383 848 450 934 (15,
473 848 561 935 624).
585 842 694 928 οὕτως
713 844 933 937 Ἀρίσταρχος.
956 853 998 917 A.

286 967 360 1030 598.
387 962 592 1049 οἰνοχόει·
615 962 725 1048 οὕτως
746 967 937 1055 οίνοχόει
962 965 1173 1054 Ἀρίσταρχος
1193 964 1315 1048 Ἰακεὸς.

201 1067 256 1131 καί
276 1065 314 1132 ἐν
336 1070 376 1156 τῇ
392 1061 568 1158 Ἀργολικῇ
593 1070 647 1136 καί
668 1076 933 1159 Μασσαλιωτικῇ
955 1071 1011 1138 καί
1025 1066 1237 1161 Ἀντιμαχείρι
1260 1072 1315 1138 καί

125 1237 128 1241 ,
201 1165 239 1232 ἐν
262 1169 302 1254 τῇ
324 1165 520 1252 Ζηνοδότου
540 1171 595 1236 καί
615 1165 889 1256 Ἀριστοφάνους.
915 1174 957 1238 A.

287 1291 360 1354 607.
383 1277 470 1372 ἧχι·
490 1282 703 1385 Ἀρίσταρχος
720 1286 758 1356 τό
781 1280 804 1375 ἧ
810 1315 850 1375 χι
868 1291 968 1377 χωρίς
988 1282 1055 1357 τοῦ
1072 1316 1085 1357 ι
1104 1290 1237 1377 γράφει,
1261 1291 1316 1358 καὶ

202 1387 396 1469 Διονύσιος.
432 1394 653 1477 παρατίθεται
675 1392 712 1457 δὲ
734 1386 753 1457 ὁ
782 1391 969 1472 Διονύσιος
992 1393 1073 1472 τούς
1094 1401 1239 1478 Δωριεῖς
1260 1396 1316 1460 λέ-

200 1516 323 1580 γοντας
342 1483 364 1559 ά
371 1516 420 1578 χι.
441 1494 483 1558 A.
850 1493 857 1499 ’

690 1647 775 1769 “ss.

279 1821 338 1884 12.
361 1821 594 1905 πανσυδίῃ·
618 1810 727 1895 οὕτως
749 1814 805 1883 διά
824 1822 885 1883 τοῦ
907 1841 929 1882 ν
949 1813 987 1882 τὸ
1004 1820 1173 1904 πανσυδίῃ
1196 1813 1316 1902 ὁἈρί-

202 1938 353 2006 σταρχος.
392 1921 448 1986 καί
470 1916 510 1986 τά
532 1916 749 2004 παραπλήσια
770 1915 904 1997 τούτοις
934 1914 1138 2003 *ἄνστησον
1171 1922 1219 1999 (Κ
1242 1922 1314 2006 176)

201 2023 258 2090 καί
285 2010 386 2105 (τάχα
420 2017 452 2087 δ’
484 2016 714 2104 ἀνστήσεσθαι
742 2022 898 2105 ἔμελλεν
939 2024 980 2109 (B
1010 2022 1098 2107 691).
1143 2016 1207 2087 κάν
1245 2033 1315 2099 ταῖς
1378 2051 1381 2055 ·

201 2126 332 2203 πλείοσι
360 2122 397 2189 δὲ
427 2123 483 2187 καί
511 2120 736 2205 χαριεστέραις
767 2125 837 2187 τοῖν
869 2119 1037 2189 ἐκδόσεων
1075 2121 1197 2212 [πάντη
1232 2121 1315 2190 κατά

202 2223 357 2309 στρατόν]
378 2218 487 2302 οὕτως
510 2218 610 2308 εἶχον.
634 2228 676 2292 A.

287 2347 338 2409 35.
363 2337 381 2410 ὁ
405 2341 467 2429 μὲν
488 2341 680 2428 Ζηνόδοτος
699 2342 755 2412 διὰ
770 2348 834 2410 τοῦ
858 2368 874 2409 ε
896 2341 1021 2428 γράφει
1048 2336 1315 2433 [ἀπεβήσετο],δ

202 2447 257 2524 καί
283 2443 435 2531 άμεινον,
456 2448 492 2511 οί
509 2442 547 2512 δὲ
569 2443 665 2513 ἄλλοι
679 2446 736 2513 διὰ
757 2451 820 2512 τοῦ
841 2470 871 2510 α.
893 2447 933 2511 Β.

278 2547 323 2613 ib.
348 2543 393 2613 δὲ
415 2543 513 2614 λίπ’·
537 2543 646 2627 οὕτως
664 2543 818 2625 Ἰωνικῶς
841 2541 978 2635 (Ἰακῶς)
1002 2541 1038 2611 τδ
1063 2550 1165 2614 λίπε.
1188 2548 1230 2614 Α.

286 2670 338 2733 52.
376 2665 547 2753 βουλήν·
583 2670 620 2735 αί
645 2664 858 2744 πλείουςκαὶ
883 2665 1092 2751 χαριέσταται
1113 2668 1189 2751 δίχα
1210 2672 1272 2733 τοῦ
1293 2693 1314 2732 ν

200 2765 342 2856 βουλή.
363 2767 419 2836 καὶ
441 2765 462 2854 ἡ
480 2765 754 2854 Ἀριστοφάνους.
775 2768 812 2834 ἐν
834 2763 872 2833 δὲ
890 2777 961 2845 ταῖς
982 2779 1111 2846 κοιναῖς
1132 2769 1314 2854 ἐγέγραπτο

200 2872 256 2938 καί
276 2874 316 2958 τῇ
338 2873 547 2960 Ζηνοδοτείιμ
571 2869 742 2957 βουλήν.
771 2867 964 2953 άστειοτέρα
986 2865 1023 2935 δε
1046 2865 1066 2954 ἡ
1088 2869 1188 2954 χωρίς
1209 2876 1271 2937 τοῦ
1293 2896 1314 2937 ν

201 2973 256 3043 καὶ
276 2971 529 3058 Ἀριστάρχειος.
553 2975 595 3039 A.
929 2969 931 2973 ’

289 3081 359 3140 111.
381 3075 468 3140 Vide
488 3096 588 3164 supra
608 3098 641 3162 p.
668 3079 737 3141 112.

289 3198 360 3260 125.
380 3188 600 3280 Ἀριστάρχου
620 3195 724 3273 λε’ξεις
741 3195 779 3261 ἐκ
801 3198 870 3261 τοῖν
892 3191 1154 3279 ὑπομνημάτων·
1177 3189 1237 3258 ἐὰν
1260 3193 1315 3258 καί
1362 3227 1365 3233 ·

200 3296 240 3365 τά
260 3298 376 3363 παιδία
398 3295 454 3363 καὶ
474 3290 555 3374 τούς
578 3294 768 3382 πρεσβύτας
789 3286 1036 3382 άριδμήσοισιν,
1059 3291 1102 3361 οὐ
1124 3290 1169 3379 μὴ
1185 3295 1314 3379 γίνων-

200 3424 254 3466 ται
276 3393 350 3465 ὅσοι
368 3391 472 3483 ἡμείς.
509 3401 609 3464 τοῦτο
632 3400 672 3466 δε’
690 3398 760 3464 ἐστι
782 3400 980 3465 κατοικίδιοι
1001 3398 1055 3464 καί
1077 3400 1222 3463 ἔναυλοι.
1258 3397 1314 3462 καί

199 3501 237 3569 ἐν
255 3496 431 3587 Ὀδυσσεία
463 3502 597 3589 (1265)Ι
619 3506 742 3568 ’πᾶσιν
763 3500 829 3589 γάρ
860 3499 1010 3569 ἐπίστιόν
1034 3501 1125 3567 ἐστιν
1155 3495 1281 3587 ἑκάστῳ
1289 3507 1313 3584 ,’

199 3599 279 3672 ὡσεὶ
301 3600 475 3688 κατάλυμα
496 3600 587 3688 παρά
607 3608 647 3692 τῇ
666 3609 732 3689 νηί.
751 3607 794 3672 A.

286 3710 356 3772 127.
380 3700 399 3771 ὁ
418 3699 521 3784 Ἰξίων
541 3699 598 3770 διά
619 3711 681 3773 τοῦ
704 3733 725 3773 ν
744 3706 936 3774 ἕκαστον.

285 3812 356 3873 131.
392 3802 546 3894 ἄνδρες
566 3809 703 3873 ἔασιν·
737 3809 775 3875 ἐν
793 3813 833 3896 τῇ
854 3808 949 3898 ἑτέρα
972 3812 1041 3875 τῶν
1059 3802 1314 3892 Ἀρισταρχείοιν

197 3907 343 3997 εὕρομεν
377 3912 557 3976 ἔνεισιν·
603 3913 659 3978 καί
685 3916 932 3997 Καλλίστρατος
961 3904 1071 3988 οὕτως
1099 3909 1137 3975 ἐν
1161 3913 1207 3998 τῷ
1237 3909 1313 3992 περὶ

195 4008 332 4090 Ἰλιάδος
346 4008 481 4099 γράφει,
494 4011 650 4096 καθάπερ
663 4014 717 4080 καί
734 4013 783 4080 τό·
792 4009 885 4099 ἡμεῖς
901 4013 937 4078 δὲ
955 4007 1150 4097 μαχόμεσθ’,
1168 4014 1266 4094 οἵπερ
1280 4007 1312 4077 τ’

74 4149 77 4159 ·
198 4112 372 4198 ἐπίκουροι
386 4116 536 4199 ἔνειμεν
558 4115 612 4202 (Il.
625 4121 657 4182 E
666 4117 755 4201 177),
769 4108 850 4197 παρ’
867 4107 889 4178 ὃ
902 4111 957 4178 καὶ
973 4116 1048 4200 διχῇ
1062 4113 1249 4199 γράφομεν.
1269 4114 1311 4178 A.

285 4220 354 4281 133.
382 4212 527 4282 Ἰλίου·
545 4218 595 4283 ἐν
617 4228 686 4294 τοῖς
707 4211 782 4283 κατ’
803 4213 1050 4298 Ἀριστοφάνην
1072 4210 1313 4300 ὑπομνήμασιν

193 4310 412 4401 Ἀριστάρχου
426 4311 558 4385 Ἴλιον
577 4317 772 4403 ἐγέγραπτο.
796 4317 851 4383 καὶ
870 4316 997 4402 μήποτε
1012 4311 1155 4402 άμεινον
1170 4319 1248 4402 ἔχει.
1268 4319 1310 4383 A.
