2962 5018
1174 385 1235 448 267

125 554 388 635 observationes,
417 551 529 638 quales
552 558 684 616 exstant
710 552 745 614 in
774 550 873 615 schol.
906 551 948 616 ad
973 552 1043 615 00.
1074 554 1154 614 1375
1184 551 1236 616 El.

127 659 178 721 86.
202 656 263 716 289
284 652 368 739 (00.
394 657 463 716 171.
489 651 596 737 1225),
618 651 811 738 quibuscum
836 652 916 715 satis
940 651 1038 716 habet
1057 651 1237 736 Didymum

125 756 214 843 apud
232 753 333 820 schol.
356 756 414 818 Ar.
435 753 557 841 Vespp.
580 755 659 816 1999
682 755 753 838 (58)
770 774 986 838 comparasse.
1016 751 1163 838 Namque
1177 753 1238 818 bae

128 879 256 943 quoque
283 856 508 920 adnotationes
536 876 602 918 non
623 862 699 918 sunt
717 855 782 918 nisi
803 863 953 918 notarum
976 854 1161 918 criticorum
1183 875 1238 918 ex-

126 957 328 1042 plicationes.
373 956 502 1043 Quippe
526 963 766 1020 consueverunt
787 963 917 1019 veteres
945 977 1059 1020 versus
1089 954 1132 1018 ad
1153 954 1237 1019 alius

127 1066 242 1142 poetae
261 1059 473 1122 imitationem
494 1057 691 1143 compositos
708 1059 754 1142 τῷ
775 1079 793 1139 χ
816 1078 1044 1142 compungere.
1081 1056 1170 1120 Hine
1192 1056 1238 1120 ef-

128 1154 249 1239 ficitur,
272 1167 308 1221 ut
329 1159 363 1222 in
388 1157 490 1222 schol.
502 1157 562 1222 La.
575 1157 629 1222 Αἰ.
643 1159 704 1220 665
721 1156 882 1221 exciderit
901 1153 937 1221 τό
959 1181 988 1240 χ,
1011 1157 1098 1244 quod
1118 1157 1239 1223 habent

129 1255 242 1321 seholl.
268 1259 311 1322 ad
339 1260 418 1324 Eur.
449 1259 536 1324 Med.
567 1262 628 1324 615
655 1279 688 1342 p.
716 1260 788 1321 374.
812 1261 873 1321 375
902 1258 1018 1322 Matth.
1064 1258 1238 1343 Singulare

130 1357 283 1422 volumen
305 1362 382 1442 περὶ
404 1364 473 1424 τῶν
496 1354 619 1442 ὁμοίως
640 1359 827 1442 είρημένων
848 1371 917 1437 τοῖς
938 1370 1107 1443 τραγικοῖς
1128 1360 1237 1424 0111110·

128 1466 179 1522 101
204 1459 410 1526 Ptolemaeus
430 1461 608 1526 Aristonici
639 1468 748 1546 pater,
781 1461 873 1524 ouius
901 1460 1039 1526 fortasse
1070 1460 1237 1527 laboribus

128 1559 176 1621 uti
198 1559 342 1647 Didymo
363 1563 463 1626 licuit.

213 1662 415 1728 Asteriscum
429 1665 613 1751 appositum
632 1663 735 1727 fuisse
749 1663 799 1727 his
815 1663 906 1747 loeis,
929 1665 986 1750 qui
1008 1663 1175 1728 stellarum
1192 1666 1239 1728 in-

128 1771 196 1826 star
217 1762 454 1845 elucescerent,
482 1763 624 1828 affirmat
645 1763 795 1829 Eustath.
817 1769 848 1829 E
869 1768 929 1830 733
955 1788 987 1851 p.
1012 1769 1089 1849 599,
1110 1769 1149 1828 34
1174 1766 1237 1831 Od.

128 1866 218 1928 1252
231 1889 263 1952 p.
283 1867 373 1947 1627,
388 1868 438 1946 59,
461 1888 656 1952 quamquam
677 1867 753 1930 huie
776 1867 872 1931 fidem
896 1868 967 1930 iure
991 1866 1151 1952 abrogant
1174 1868 1238 1931 viri

130 1967 229 2031 docti.
273 1965 319 2029 Α1
340 1964 584 2049 intellegemus,
604 1969 682 2054 quid
704 1968 768 2032 sibi
795 1968 877 2032 velit
905 1967 1006 2032 schol.
1036 1968 1079 2031 011
1099 1969 1153 2033 111.
1178 1972 1235 2032 118

130 2061 345 2143 carosensis
372 2061 390 2132 ὁ
421 2061 519 2148 λόγος
547 2106 581 2116 -
616 2067 670 2133 καὶ
697 2072 797 2133 τοῦτο
822 2067 859 2133 δὲ
880 2063 1028 2153 Ὀμήρου
1058 2072 1238 2154 παίδευμα,

129 2163 181 2233 ὅτι
204 2162 260 2251 ἐφ’
285 2159 335 2244 οἷς
357 2161 543 2250 αὐχούνταί
556 2192 643 2246 τινες
654 2169 786 2236 τούτων
804 2175 1001 2252 στεροῦνται
1021 2167 1112 2253 παρὰ
1132 2176 1237 2256 θεῶν,

129 2265 174 2347 ὥς
206 2269 260 2335 καὶ
293 2265 445 2352 Θάμυρις
476 2264 539 2351 τὴν
569 2268 736 2355 μουσικὴν
767 2274 822 2336 καὶ
855 2269 966 2357 Νιόβη
998 2278 1066 2337 τῶν
1099 2274 1236 2338 τέκνων.
1363 2271 1368 2280 ’

130 2371 201 2437 OT.
224 2374 286 2434 314
314 2366 529 2446 παιδευτικὸς
554 2363 572 2433 ὁ
600 2368 708 2453 λόγος.
754 2375 821 2437 ἔδει
844 2367 994 2448 ἅπαντας
1016 2367 1076 2455 ἀφ’
1101 2362 1151 2439 aiv
1172 2371 1237 2438 oo-

131 2495 247 2537 ναιντο
274 2465 418 2555 ὠφελεῖν
447 2465 527 2546 τούς
555 2469 665 2547 πέλας.
717 2477 779 2538 946
800 2471 1018 2538 παιδευτικόν
1039 2498 1070 2538 τι
1092 2476 1236 2556 ἔγκειται

130 2577 176 2661 τῷ
195 2569 349 2656 δράματι,
372 2567 417 2649 ὡς
438 2565 480 2635 οὐ
503 2571 556 2635 δεῖ
574 2584 799 2654 καταφρονεῖν
822 2577 890 2638 τῶν
908 2577 1024 2639 θείων.
1070 2575 1183 2663 Neque
1203 2579 1237 2640 in

130 2674 231 2740 schol.
260 2674 358 2738 Hom.
385 2673 468 2737 Ven.
491 2671 826 2750 11101.παιδεντικός
846 2697 924 2740 usus
945 2698 1012 2740 non
1035 2675 1238 2743 observatur.

131 2777 313 2862 Dionysius
332 2797 411 2839 vero
433 2773 580 2838 Rhodius
609 2774 662 2837 vel
686 2773 814 2839 Samius
836 2777 965 2862 scripsit
987 2778 1137 2858 ἱστορίαν
1159 2800 1238 2843 παι-

130 2874 300 2959 devitatio.
351 2875 459 2956 Quota
487 2896 566 2939 vero
592 2873 789 2940 scholiorum
813 2897 904 2963 pars,
931 2878 964 2940 in
993 2878 1110 2965 quibus
1141 2880 1239 2943 inter·

130 3002 207 3065 pres
228 2977 474 3042 Alexandrinus
499 2985 613 3061 poetae
635 2985 738 3041 artem
759 2977 811 3042 his
834 3000 911 3042 usus
933 2980 1046 3044 iudicii
1069 3002 1240 3046 censurae-

130 3103 192 3167 que
227 3079 341 3143 formis
374 3075 558 3163 praedicat:
599 3080 709 3154 καλῶς
743 3067 782 3142 eri
824 3079 1003 3161 δαιμονίως
1043 3085 1240 3164 θαυμασίως

130 3175 321 3261 δεξιώτατα,
344 3178 492 3241 asterisci
513 3188 624 3243 notam
646 3180 810 3264 respiciat,
837 3180 998 3268 hodieque
1021 3206 1093 3248 curn
1116 3183 1239 3269 pulvis-

130 3281 202 3346 culo
223 3279 388 3345 exhauriri
410 3281 469 3343 vix
486 3281 615 3365 poterit.
660 3279 772 3343 Potior
795 3282 881 3344 enim
899 3281 1014 3347 harum
1035 3285 1240 3348 animadver-

129 3384 257 3447 sionum
286 3403 362 3467 pars
390 3401 456 3444 non
483 3390 551 3444 tarn
581 3382 623 3446 ad
646 3383 880 3446 sententiarum
904 3382 1110 3469 splendorem
1133 3383 1239 3448 elocu-

129 3480 319 3569 tionumque
355 3490 560 3546 venustatem
592 3479 735 3566 (φράσιν
768 3483 823 3547 Τ1.
848 3491 867 3548 7
904 3483 973 3548 ΟΟ.
1002 3486 1053 3564 17)
1087 3484 1238 3570 pertinet,
1292 3470 1294 3475 ¹

131 3604 226 3668 quarn
246 3582 290 3645 ad
312 3591 415 3645 artem
431 3590 546 3666 poetae
568 3583 729 3645 scenicam
750 3582 998 3670 fabularumque
1013 3581 1240 3646 admirabilem

130 3681 363 3761 oeconomiam,
386 3680 505 3743 utOC.
521 3682 572 3743 28.
601 3685 668 3744 111.
690 3684 762 3745 296.
781 3685 853 3745 551.
876 3683 948 3743 887.
973 3685 1063 3747 1725.
1108 3681 1240 3747 Deinde

130 3783 225 3866 signo
254 3778 450 3844 notabantur
478 3779 541 3844 loci
566 3780 714 3843 nonnulli
736 3789 868 3866 propter
894 3780 1176 3864 anachronismos,
1211 3805 1240 3846 e.

128 3905 161 3968 g.
193 3879 294 3944 schel.
325 3879 398 3943 vat.
426 3881 469 3944 ad
499 3879 579 3942 Eur.
607 3880 706 3944 Rhes.
738 3883 799 3943 248
832 3879 937 3942 Andr.
978 3883 1038 3944 724
1072 3880 1155 3945 Ηοο.
1179 3886 1241 3947 569

130 3982 231 4047 schol.
263 3980 359 4045 Pind.
393 3979 486 4044 Nem.
522 3979 587 4043 VII
621 3983 662 4045 56
695 4004 727 4068 p.
756 3981 817 4044 478
846 3973 963 4061 ἀνάγει
985 3977 1065 4058 τούς
1087 3979 1239 4065 χρόνους.

130 4083 222 4147 Idem
247 4084 283 4147 fit
307 4083 340 4145 in
369 4081 470 4146 schol.
506 4081 549 4145 ad
574 4080 673 4167 Soph.
702 4081 755 4146 El.
778 4085 818 4144 47
848 4074 989 4162 ἀνῆκται
1011 4081 1047 4148 dl
1070 4087 1138 4162 τοῖς
1160 4082 1240 4168 χρό-

129 4207 211 4261 νοις.
242 4181 295 4247 ἐπὶ
321 4181 550 4268 Τριπτολέμου
570 4180 634 4267 γάρ
656 4201 739 4266 φασι
761 4182 920 4266 γενέσθαι
944 4181 1103 4250 Πυθικὸν
1125 4180 1240 4268 ἀγῶνα

76 4337 80 4344 .
130 4282 312 4364 ἑξακοσίοις
339 4285 427 4350 ἔτεσι
455 4281 631 4370 πρότερον.
682 4274 808 4371 Eade'm
835 4284 1022 4354 observatio
1050 4285 1169 4378 legitur
1200 4289 1242 4357 ad
