2948 5024
708 401 906 462 ..1-

311 549 403 631 ⁴488.
437 562 656 649 γούνεσσι·
690 558 799 642 οὕτως
819 559 876 631 διά
898 568 961 630 τοῦ
984 586 1017 648 ε,
1039 561 1263 649 γούνεσσι·
1296 571 1363 653 ἔχει

222 732 225 742 ,
247 664 361 747 μέντοι
384 663 487 750 λόγον
508 667 564 732 καί
584 661 605 751 ἡ
627 662 684 733 διά
707 670 770 731 τοῦ
791 690 813 732 α
834 662 1057 751 γούνασσι.
1080 667 1123 732 A.

332 769 404 833 492.
443 763 654 854 Ἀρίσταρχος
685 763 815 834 πολλά
848 766 991 835 πάθον
1025 768 1094 834 καί
1125 766 1258 836 πολλά
1289 770 1364 856 μό-

249 887 361 955 γησα.
384 872 426 936 Α.

333 976 406 1038 500.
431 969 697 1057 εὐξαμένοιο·
719 968 934 1057 Ἀρίσταρχος
956 965 1215 1056 εὐχομένοιο.
1239 974 1280 1038 A.

331 1078 404 1140 540.
429 1077 646 1158 ἔρδεσκεν·
667 1071 854 1160 Ἀμμώνιος
875 1075 913 1139 έν
934 1077 980 1163 τῷ
999 1073 1075 1159 περὶ
1099 1078 1167 1140 τοῖν
1182 1069 1249 1140 ὑαό
1267 1072 1363 1141 Πλά-
1462 1091 1467 1103 ’

245 1199 352 1254 τωνος
381 1178 676 1263 μετενηνεγμένον
708 1177 742 1256 ἐξ
765 1173 913 1261 Ὀμήρου
944 1170 999 1242 διά
1026 1180 1089 1243 τοῦ
1116 1180 1132 1255 ζ
1157 1178 1363 1262 προφέρεται
1466 1200 1473 1251 ὲ

247 1280 398 1363 ἔρεξεν.
420 1279 493 1344 AL.
1409 1296 1412 1305 ·
1462 1260 1469 1276 ’

328 1385 401 1447 551.
427 1376 516 1447 οὐδ’
531 1382 753 1448 ἐδύναντο·
776 1380 865 1467 ἐντῇ
878 1375 1142 1464 Ἀριστοφάνους
1158 1376 1248 1449 οὐδ’
1266 1383 1362 1449 ἐθέ-

245 1486 409 1550 λεσκον.
443 1484 498 1550 καὶ
530 1485 621 1550 ἔστιν
644 1477 843 1569 Ὁμηρικόν·
878 1478 971 1548 ‘0130’
1000 1485 1099 1551 έθελε
1120 1485 1278 1569 προρέειν
1302 1487 1357 1574 (11.

246 1592 278 1652 ο
300 1590 388 1673 οοε).
409 1589 481 1654 AL.

330 1693 403 1756 564.
425 1683 635 1773 Ἀρίσταρχος
656 1682 779 1774 ὅμιν,
803 1683 855 1753 ὅτι
872 1683 991 1772 αὐτην.
1011 1689 1053 1754 A.
1078 1685 1162 1774 ὅτε,
1185 1685 1275 1756 οὕτω
1291 1696 1360 1776 Ζη·

243 1787 399 1876 νόδοτος,
431 1793 605 1875 χρονιαῶς.
638 1791 709 1856 AL.
751 1792 842 1877 Lego
874 1785 945 1856 ὅτε
967 1788 1158 1874 Ζηνόδοτος
1180 1798 1357 1880 χρονικοῖς,

240 1886 453 1976 Ἀρίσταρχος
472 1889 510 1959 δὲ
533 1887 553 1960 ὅ
573 1916 665 1978 μιν,
688 1888 741 1958 ὅτι
763 1886 880 1977 αὐτην.
905 1894 1084 1960 Duentzer.
1104 1919 1137 1983 p.
1159 1903 1190 1961 4.
1456 1974 1460 1982 ,

330 1999 403 2061 574.
446 1990 518 2060 τὸν
539 1993 582 2061 δὲ
603 1998 815 2061 λίσσοντο·
839 1991 947 2073 οὕτως
967 1989 1178 2082 Ἀρίσταρχος
1199 1995 1243 2061 δὲ
1264 2000 1360 2062 λίσ-

245 2114 373 2163 σοντο
394 2090 442 2162 δι’
466 2092 542 2176 ἑνὸς
565 2103 594 2163 λ.
616 2100 658 2164 A.

329 2202 402 2266 580.
443 2198 500 2264 διὰ
527 2203 630 2278 τοῦς
663 2202 786 2284 ψιλῆς
810 2205 881 2284 γῆς.
923 2195 1032 2278 οὕτως’
1064 2200 1101 2264 αί
1129 2194 1356 2281 Ἀριστάρχου.

223 2304 365 2389 ·(δῆλον
386 2300 424 2368 δὲ
445 2297 497 2367 ὅτι
518 2303 662 2369 ἐλλείπει
683 2297 704 2386 ἡ
728 2304 803 2386 είς,
824 2298 869 2368 ἵν’
894 2290 983 2388 ᾖείς
1003 2296 1134 2386 άροσιν.
1159 2301 1217 2389 [2])
1240 2304 1282 2367 Α.

328 2406 401 2471 584.
425 2408 691 2489 κασίγνηται·
714 2400 798 2470 κατὰ
822 2399 858 2470 τό
876 2401 1033 2490 θηλυκόν
1051 2407 1303 2489 κασίγνηται
1322 2407 1360 2470 αί

239 2502 469 2591 Ἀριστάρχου.
513 2509 580 2592 ἔχει
616 2505 653 2573 δὲ
678 2504 782 2591 λόγον
808 2501 908 2591 ναίὴ
939 2504 995 2572 διά
1024 2509 1086 2571 τοῦ
1109 2529 1143 2570 ο·
1184 2502 1269 2572 κατὰ
1290 2503 1356 2590 γάρ

233 2604 384 2695 ’Όμηρον
405 2614 542 2689 πλείους
562 2611 647 2676 είσὶν
668 2605 810 2695 ἀδελφοὶ
836 2613 883 2696 τῷ
900 2607 1106 2696 Μελεάγρῳ·
1132 2601 1195 2671 (οὐ
1217 2603 1282 2693 γάρ
1304 2603 1353 2673 ἔτ’

244 2716 368 2798 Οίνῆος
398 2712 626 2798 μεγαλήτορος
657 2713 746 2790 νίέες
774 2703 877 2798 ἦσαν,
913 2706 991 2778 οὐδ’
1015 2705 1072 2793 ἄρ’
1102 2705 1149 2775 ἔτ’
1182 2704 1284 2787 αὐτὸς
1306 2712 1355 2795 ἒη,

240 2811 328 2880 θάνε
350 2813 387 2901 δὲ
410 2811 535 2894 ξανθὸς
556 2816 774 2899 Μελέαγρος’
798 2815 851 2901 (Il.
875 2819 903 2881 Β
927 2815 1015 2900 641).
1045 2813 1101 2878 καὶ
1123 2816 1356 2896 σνλλητττιιιιῖς

241 2911 323 3000 μετά
341 2920 410 2982 τῶν
428 2911 582 3001 άρσένων
604 2920 660 2982 καί
681 2912 740 2995 τάς
761 2911 910 3000 ἀδελφάς
932 2909 1118 2980 άκουστέον
1142 2910 1279 2998 Γόργην
1300 2913 1356 2980 καὶ

241 3015 459 3103 Δηιάνειραν.
483 3021 525 3085 A.
550 3019 644 3105 [BL]

326 3122 399 3186 602.
428 3113 638 3205 Ἀρίσταρχος
661 3120 728 3187 ἐντὶ
746 3116 903 3203 δώρων,
927 3113 945 3184 ὅ
969 3117 1038 3182 ἐστι
1058 3111 1140 3200 μετά
1157 3112 1288 3196 δώρων.
1311 3117 1353 3183 A.

324 3220 405 3287 612.
432 3215 644 3307 Ἀρίσταρχος
682 3222 719 3287 δὲ
748 3217 800 3306 μή
833 3244 903 3304 μοι
937 3215 1084 3302 σύγχει
1115 3212 1259 3302 θνμόν
1292 3217 1356 3282 ίνὶ

240 3322 483 3409 στήθεσσιν.
517 3324 559 3389 A.

325 3428 398 3491 632.
430 3419 641 3509 Ἀρίσταρχος
656 3418 713 3488 διά
732 3425 794 3487 τοῦ
811 3421 871 3506 γέ·
894 3418 961 3488 καί
980 3422 1052 3506 μίν
1074 3424 1135 3498 τίς
1161 3443 1205 3504 γε
1231 3437 1353 3485 νασι-

239 3525 431 3611 γνήτοιο,
453 3521 473 3589 ὅ
494 3527 564 3593 ε’στι
585 3527 835 3610 ιιασιγνητιιιοῠ.
859 3527 901 3590 Α.

324 3632 398 3695 634.
419 3624 475 3693 διά
498 3632 560 3693 τοῦ
578 3652 599 3713 η
619 3628 655 3692 al
671 3623 889 3711 Ἀριστάρχου
911 3628 1162 3709 τεθνηῶτος.
1184 3626 1226 3691 A.

325 3734 398 3796 639.
421 3724 530 3807 οὕτως
552 3727 618 3793 ἐπὶ
632 3730 727 3815 τῇσι
750 3726 787 3790 έν
806 3722 961 3811 άπάσαις,
984 3727 1038 3792 ίιτὶ
1059 3736 1130 3803 ταῖς
1141 3729 1289 3812 Λεσβίσι.
1309 3727 1350 3790 A.

323 3838 396 3900 654.
418 3826 528 3911 οὕτως
545 3825 709 3915 σμάξαι.
733 3823 944 3916 Ἀρίσταρχος
967 3823 1038 3895 οίδε
1059 3827 1115 3894 καί
1129 3823 1191 3911 τὴν
1207 3828 1352 3912 φλέξαι

237 3933 384 4020 moriv-
406 3935 447 3999 A.

321 4042 394 4103 657.
417 4037 681 4110 σπείσαντες·
709 4031 748 4097 έν
769 4035 810 4119 τῇ
829 4032 924 4120 ἑτέρη
941 4037 1011 4098 τῶν
1022 4027 1240 4117 Ἀριστάρχου
1262 4036 1351 4097 λεί-

236 4151 404 4222 ραντες,
427 4137 483 4202 καὶ
504 4134 542 4201 έν
565 4140 703 4212 πολλαῖς
722 4138 791 4202 τῶν
813 4133 971 4221 ἀρχαίων.
994 4135 1066 4200 AL.

321 4243 394 4305 681.
419 4238 457 4303 ἐν
476 4241 517 4325 τῇ
537 4234 633 4323 ἑτέρη
654 4241 723 4303 τῶν
740 4235 785 4303 Ἀ.
809 4235 866 4303 διά
884 4241 945 4303 τοῦ
967 4262 989 4302 α
1010 4240 1138 4325 σαῷς,
1161 4234 1243 4320 τάχα
1259 4229 1350 4319 παρὰ

234 4335 270 4404 τὰ
293 4339 466 4422 σαωσέμεν
488 4338 579 4426 (230)
602 4340 657 4404 καὶ
680 4334 724 4422 ἠὲ
746 4342 970 4423 σαωθῆναι
993 4337 1048 4425 (Il.
1068 4339 1206 4424 0503)·
1230 4339 1348 4421 χρῆται
