<?xml version="1.0" encoding="UTF-8"?>
<!DOCTYPE html PUBLIC "-//W3C//DTD XHTML 1.0 Transitional//EN"
    "http://www.w3.org/TR/xhtml1/DTD/xhtml1-transitional.dtd">
<html xmlns="http://www.w3.org/1999/xhtml" xml:lang="en" lang="en">
 <head>
  <title>
</title>
<meta http-equiv="Content-Type" content="text/html;charset=utf-8" />
  <meta name='ocr-system' content='tesseract 3.04.00' />
  <meta name='ocr-capabilities' content='ocr_page ocr_carea ocr_par ocr_line ocrx_word'/>
</head>
<body>
  <div class='ocr_page' id='page_1' title='image "./didymichalcente00schmgoog_0348.png"; bbox 0 0 2962 5018; ppageno 0'>
   <div class='ocr_carea' id='block_1_1' title="bbox 1178 421 1241 486">
    <p class='ocr_par' dir='ltr' id='par_1_1' title="bbox 1178 421 1241 486">
     <span class='ocr_line' id='line_1_1' title="bbox 1178 421 1241 486; baseline 0.032 -3"><span class='ocrx_word' id='word_1_1' title='bbox 1178 421 1241 486; x_wconf 79' lang='lat'>329</span> 
     </span>
    </p>
   </div>
   <div class='ocr_carea' id='block_1_2' title="bbox 130 543 1242 679">
    <p class='ocr_par' dir='ltr' id='par_1_2' title="bbox 130 543 1242 679">
     <span class='ocr_line' id='line_1_2' title="bbox 130 543 1242 679; baseline -0.009 -18"><span class='ocrx_word' id='word_1_2' title='bbox 130 596 284 679; x_wconf 78' lang='grc' dir='ltr'><em>Δίδυμος</em></span> <span class='ocrx_word' id='word_1_3' title='bbox 305 587 337 658; x_wconf 81' lang='grc' dir='ltr'>θ’</span> <span class='ocrx_word' id='word_1_4' title='bbox 354 592 399 657; x_wconf 76' lang='grc' dir='ltr'>’ἐν</span> <span class='ocrx_word' id='word_1_5' title='bbox 413 586 571 674; x_wconf 75' lang='grc' dir='ltr'><strong><em>Ἀθήναις</em></strong></span> <span class='ocrx_word' id='word_1_6' title='bbox 589 585 655 654; x_wconf 75' lang='lat' dir='ltr'>dud</span> <span class='ocrx_word' id='word_1_7' title='bbox 677 593 735 673; x_wconf 79' lang='grc' dir='ltr'>τῆς</span> <span class='ocrx_word' id='word_1_8' title='bbox 757 592 869 673; x_wconf 79' lang='grc' dir='ltr'><strong><em>φυγῆς</em></strong></span> <span class='ocrx_word' id='word_1_9' title='bbox 887 584 1033 653; x_wconf 77' lang='grc' dir='ltr'><strong><em>ἐλθόντα</em></strong></span> <span class='ocrx_word' id='word_1_10' title='bbox 1055 590 1153 676; x_wconf 78' lang='grc' dir='ltr'><strong><em>βιαίῳ</em></strong></span> <span class='ocrx_word' id='word_1_11' title='bbox 1171 543 1242 654; x_wconf 78' lang='grc' dir='ltr'>θα-</span> 
     </span>
    </p>
   </div>
   <div class='ocr_carea' id='block_1_3' title="bbox 77 689 1247 2922">
    <p class='ocr_par' dir='ltr' id='par_1_3' title="bbox 77 689 1247 2922">
     <span class='ocr_line' id='line_1_3' title="bbox 131 689 1242 785; baseline -0.008 -22"><span class='ocrx_word' id='word_1_12' title='bbox 131 695 221 785; x_wconf 81' lang='grc' dir='ltr'><strong><em>νάτςο</em></strong></span> <span class='ocrx_word' id='word_1_13' title='bbox 255 697 370 783; x_wconf 83' lang='grc' dir='ltr'><strong><em>(τοῦτο</em></strong></span> <span class='ocrx_word' id='word_1_14' title='bbox 403 695 444 759; x_wconf 79' lang='grc' dir='ltr'>δέ</span> <span class='ocrx_word' id='word_1_15' title='bbox 473 709 557 777; x_wconf 84' lang='grc' dir='ltr'><strong><em>φησι</em></strong></span> <span class='ocrx_word' id='word_1_16' title='bbox 589 689 757 776; x_wconf 74' lang='grc' dir='ltr'><strong><em>Ζώπυρον</em></strong></span> <span class='ocrx_word' id='word_1_17' title='bbox 791 692 961 775; x_wconf 75' lang='grc' dir='ltr'><strong><em>ἱστορεῖν).</em></strong></span> <span class='ocrx_word' id='word_1_18' title='bbox 1016 689 1150 755; x_wconf 82' lang='lat' dir='ltr'>Scilicet</span> <span class='ocrx_word' id='word_1_19' title='bbox 1180 690 1242 755; x_wconf 93' lang='lat' dir='ltr'>hoc</span> 
     </span>
     <span class='ocr_line' id='line_1_4' title="bbox 129 792 1243 885; baseline -0.006 -22"><span class='ocrx_word' id='word_1_20' title='bbox 129 822 231 865; x_wconf 91' lang='lat' dir='ltr'>unum</span> <span class='ocrx_word' id='word_1_21' title='bbox 257 821 278 863; x_wconf 89' lang='lat' dir='ltr'>a</span> <span class='ocrx_word' id='word_1_22' title='bbox 304 799 436 885; x_wconf 87' lang='lat' dir='ltr'><strong>Zopyro</strong></span> <span class='ocrx_word' id='word_1_23' title='bbox 465 796 629 883; x_wconf 81' lang='lat' dir='ltr'>Didymus</span> <span class='ocrx_word' id='word_1_24' title='bbox 653 804 869 861; x_wconf 85' lang='lat' dir='ltr'>contestatum</span> <span class='ocrx_word' id='word_1_25' title='bbox 891 794 1034 880; x_wconf 88' lang='lat' dir='ltr'>accepit,</span> <span class='ocrx_word' id='word_1_26' title='bbox 1056 792 1243 857; x_wconf 84' lang='lat' dir='ltr'>violenta</span> 
     </span>
     <span class='ocr_line' id='line_1_5' title="bbox 130 895 1242 986; baseline -0.007 -20"><span class='ocrx_word' id='word_1_27' title='bbox 130 909 260 966; x_wconf 90' lang='lat' dir='ltr'>morte</span> <span class='ocrx_word' id='word_1_28' title='bbox 295 899 580 986; x_wconf 84' lang='lat' dir='ltr'><strong>Thucydidem</strong></span> <span class='ocrx_word' id='word_1_29' title='bbox 614 898 840 978; x_wconf 86' lang='lat' dir='ltr'>occidisse,</span> <span class='ocrx_word' id='word_1_30' title='bbox 876 896 1042 983; x_wconf 84' lang='lat' dir='ltr'>ceteroqui</span> <span class='ocrx_word' id='word_1_31' title='bbox 1075 895 1242 979; x_wconf 86' lang='lat' dir='ltr'>digressus</span> 
     </span>
     <span class='ocr_line' id='line_1_6' title="bbox 129 997 1243 1080; baseline -0.005 -12"><span class='ocrx_word' id='word_1_32' title='bbox 129 1005 164 1068; x_wconf 93' lang='lat' dir='ltr'>in</span> <span class='ocrx_word' id='word_1_33' title='bbox 185 1003 251 1068; x_wconf 89' lang='lat' dir='ltr'>alia</span> <span class='ocrx_word' id='word_1_34' title='bbox 270 1003 406 1067; x_wconf 83' lang='lat' dir='ltr'>omnia&#39;</span> <span class='ocrx_word' id='word_1_35' title='bbox 450 1001 574 1067; x_wconf 79' lang='lat' dir='ltr'>Vereor</span> <span class='ocrx_word' id='word_1_36' title='bbox 595 1011 705 1067; x_wconf 91' lang='lat' dir='ltr'>tamen</span> <span class='ocrx_word' id='word_1_37' title='bbox 727 1023 768 1065; x_wconf 90' lang='lat' dir='ltr'>ne</span> <span class='ocrx_word' id='word_1_38' title='bbox 790 1022 902 1065; x_wconf 86' lang='lat' dir='ltr'>verum</span> <span class='ocrx_word' id='word_1_39' title='bbox 926 1019 992 1062; x_wconf 91' lang='lat' dir='ltr'>non</span> <span class='ocrx_word' id='word_1_40' title='bbox 1020 998 1154 1080; x_wconf 84' lang='lat' dir='ltr'>viderit,</span> <span class='ocrx_word' id='word_1_41' title='bbox 1184 997 1243 1062; x_wconf 88' lang='lat' dir='ltr'>sed</span> 
     </span>
     <span class='ocr_line' id='line_1_7' title="bbox 77 1098 1243 1188; baseline -0.006 -18"><span class='ocrx_word' id='word_1_42' title='bbox 77 1103 83 1112; x_wconf 88' lang='grc'><strong>’</strong></span> <span class='ocrx_word' id='word_1_43' title='bbox 130 1103 233 1170; x_wconf 88' lang='lat' dir='ltr'>verba</span> <span class='ocrx_word' id='word_1_44' title='bbox 254 1105 372 1168; x_wconf 83' lang='lat' dir='ltr'>misere</span> <span class='ocrx_word' id='word_1_45' title='bbox 393 1102 603 1188; x_wconf 87' lang='lat' dir='ltr'>iugulaverit.</span> <span class='ocrx_word' id='word_1_46' title='bbox 648 1100 780 1183; x_wconf 83' lang='lat' dir='ltr'>Quanto</span> <span class='ocrx_word' id='word_1_47' title='bbox 806 1102 926 1165; x_wconf 87' lang='lat' dir='ltr'>rectius</span> <span class='ocrx_word' id='word_1_48' title='bbox 947 1100 1137 1184; x_wconf 87' lang='lat' dir='ltr'>Kruegerus</span> <span class='ocrx_word' id='word_1_49' title='bbox 1160 1098 1243 1184; x_wconf 92' lang='lat' dir='ltr'>Pop·</span> 
     </span>
     <span class='ocr_line' id='line_1_8' title="bbox 129 1198 1242 1294; baseline -0.006 -23"><span class='ocrx_word' id='word_1_50' title='bbox 129 1227 247 1294; x_wconf 90' lang='lat' dir='ltr'>ponem</span> <span class='ocrx_word' id='word_1_51' title='bbox 270 1214 400 1269; x_wconf 89' lang='lat' dir='ltr'>secutus</span> <span class='ocrx_word' id='word_1_52' title='bbox 422 1203 460 1268; x_wconf 76' lang='grc' dir='ltr'>ἐν</span> <span class='ocrx_word' id='word_1_53' title='bbox 480 1201 597 1291; x_wconf 75' lang='grc' dir='ltr'><strong><em>Θρᾴκῃ</em></strong></span> <span class='ocrx_word' id='word_1_54' title='bbox 619 1204 806 1269; x_wconf 80' lang='lat' dir='ltr'>emendavit</span> <span class='ocrx_word' id='word_1_55' title='bbox 828 1200 865 1267; x_wconf 80' lang='grc' dir='ltr'>ἐν</span> <span class='ocrx_word' id='word_1_56' title='bbox 883 1198 1028 1288; x_wconf 74' lang='grc' dir='ltr'><strong><em>Ἀττικῇ,</em></strong></span> <span class='ocrx_word' id='word_1_57' title='bbox 1058 1223 1122 1288; x_wconf 91' lang='lat' dir='ltr'>quo</span> <span class='ocrx_word' id='word_1_58' title='bbox 1145 1201 1242 1264; x_wconf 87' lang='lat' dir='ltr'>etiarn</span> 
     </span>
     <span class='ocr_line' id='line_1_9' title="bbox 130 1303 1244 1395; baseline -0.005 -22"><span class='ocrx_word' id='word_1_59' title='bbox 130 1308 322 1395; x_wconf 86' lang='lat' dir='ltr'>prudentior</span> <span class='ocrx_word' id='word_1_60' title='bbox 349 1305 387 1372; x_wconf 86' lang='lat' dir='ltr'>C.</span> <span class='ocrx_word' id='word_1_61' title='bbox 414 1305 592 1371; x_wconf 81' lang='lat' dir='ltr'>Muellerus</span> <span class='ocrx_word' id='word_1_62' title='bbox 616 1307 657 1371; x_wconf 87' lang='lat' dir='ltr'>fr.</span> <span class='ocrx_word' id='word_1_63' title='bbox 683 1307 772 1371; x_wconf 91' lang='lat' dir='ltr'>histt.</span> <span class='ocrx_word' id='word_1_64' title='bbox 800 1306 859 1371; x_wconf 83' lang='lat' dir='ltr'>Gr.</span> <span class='ocrx_word' id='word_1_65' title='bbox 881 1305 915 1370; x_wconf 93' lang='grc' dir='ltr'>ΙΙ</span> <span class='ocrx_word' id='word_1_66' title='bbox 937 1329 969 1392; x_wconf 89' lang='lat' dir='ltr'>p.</span> <span class='ocrx_word' id='word_1_67' title='bbox 994 1308 1034 1368; x_wconf 84' lang='lat'>77</span> <span class='ocrx_word' id='word_1_68' title='bbox 1056 1303 1094 1368; x_wconf 80' lang='grc' dir='ltr'>ἐν</span> <span class='ocrx_word' id='word_1_69' title='bbox 1116 1305 1244 1389; x_wconf 81' lang='grc' dir='ltr'><strong><em>Θορικῇ</em></strong></span> 
     </span>
     <span class='ocr_line' id='line_1_10' title="bbox 130 1406 1243 1497; baseline -0.004 -23"><span class='ocrx_word' id='word_1_70' title='bbox 130 1410 293 1497; x_wconf 86' lang='lat' dir='ltr'>proponit.</span> <span class='ocrx_word' id='word_1_71' title='bbox 339 1407 451 1474; x_wconf 87' lang='lat' dir='ltr'>Possis</span> <span class='ocrx_word' id='word_1_72' title='bbox 473 1408 587 1473; x_wconf 91' lang='lat' dir='ltr'>eodem</span> <span class='ocrx_word' id='word_1_73' title='bbox 613 1410 684 1473; x_wconf 91' lang='lat' dir='ltr'>iure</span> <span class='ocrx_word' id='word_1_74' title='bbox 707 1406 744 1472; x_wconf 80' lang='grc' dir='ltr'>ἐν</span> <span class='ocrx_word' id='word_1_75' title='bbox 767 1411 899 1492; x_wconf 85' lang='grc' dir='ltr'><strong><em>Θριᾶσι.</em></strong></span> <span class='ocrx_word' id='word_1_76' title='bbox 944 1415 987 1471; x_wconf 86' lang='lat' dir='ltr'>At</span> <span class='ocrx_word' id='word_1_77' title='bbox 1007 1407 1131 1491; x_wconf 80' lang='lat' dir='ltr'>fugisse</span> <span class='ocrx_word' id='word_1_78' title='bbox 1153 1406 1243 1470; x_wconf 85' lang='lat' dir='ltr'>vide·</span> 
     </span>
     <span class='ocr_line' id='line_1_11' title="bbox 129 1507 1244 1598; baseline -0.004 -24"><span class='ocrx_word' id='word_1_79' title='bbox 129 1520 183 1576; x_wconf 91' lang='lat' dir='ltr'>tur</span> <span class='ocrx_word' id='word_1_80' title='bbox 198 1511 393 1598; x_wconf 85' lang='lat' dir='ltr'>interpretes</span> <span class='ocrx_word' id='word_1_81' title='bbox 413 1511 553 1597; x_wconf 92' lang='lat' dir='ltr'>primum</span> <span class='ocrx_word' id='word_1_82' title='bbox 575 1511 663 1598; x_wconf 91' lang='lat' dir='ltr'>quod</span> <span class='ocrx_word' id='word_1_83' title='bbox 684 1511 716 1575; x_wconf 89' lang='lat' dir='ltr'>h.</span> <span class='ocrx_word' id='word_1_84' title='bbox 736 1510 758 1575; x_wconf 92' lang='lat' dir='ltr'>l.</span> <span class='ocrx_word' id='word_1_85' title='bbox 774 1510 985 1575; x_wconf 82' lang='lat' dir='ltr'>Marcellinus</span> <span class='ocrx_word' id='word_1_86' title='bbox 1006 1507 1167 1573; x_wconf 86' lang='lat' dir='ltr'>vocabulo</span> <span class='ocrx_word' id='word_1_87' title='bbox 1189 1529 1244 1570; x_wconf 84' lang='grc' dir='ltr'>τε-</span> 
     </span>
     <span class='ocr_line' id='line_1_12' title="bbox 130 1605 1244 1700; baseline -0.005 -22"><span class='ocrx_word' id='word_1_88' title='bbox 130 1611 364 1697; x_wconf 80' lang='grc' dir='ltr'><strong><em>τελευτηκέναι</em></strong></span> <span class='ocrx_word' id='word_1_89' title='bbox 392 1613 511 1695; x_wconf 89' lang='lat' dir='ltr'>utitur,</span> <span class='ocrx_word' id='word_1_90' title='bbox 542 1634 647 1700; x_wconf 87' lang='lat' dir='ltr'>neque</span> <span class='ocrx_word' id='word_1_91' title='bbox 670 1605 960 1694; x_wconf 77' lang='grc' dir='ltr'><strong><em>νοιοᾶκοθανεϊν,</em></strong></span> <span class='ocrx_word' id='word_1_92' title='bbox 979 1619 1049 1675; x_wconf 88' lang='lat' dir='ltr'>tum</span> <span class='ocrx_word' id='word_1_93' title='bbox 1069 1609 1156 1697; x_wconf 91' lang='lat' dir='ltr'>quod</span> <span class='ocrx_word' id='word_1_94' title='bbox 1171 1630 1244 1695; x_wconf 92' lang='lat' dir='ltr'>pro·</span> 
     </span>
     <span class='ocr_line' id='line_1_13' title="bbox 131 1698 1244 1802; baseline -0.007 -21"><span class='ocrx_word' id='word_1_95' title='bbox 131 1716 271 1781; x_wconf 85' lang='lat' dir='ltr'>nominis</span> <span class='ocrx_word' id='word_1_96' title='bbox 286 1714 536 1779; x_wconf 80' lang='lat' dir='ltr'>demonstrativi</span> <span class='ocrx_word' id='word_1_97' title='bbox 554 1698 705 1780; x_wconf 76' lang='grc' dir='ltr'><strong><em>τοῦτον</em></strong></span> <span class='ocrx_word' id='word_1_98' title='bbox 721 1714 758 1778; x_wconf 82' lang='grc' dir='ltr'>ἐν</span> <span class='ocrx_word' id='word_1_99' title='bbox 773 1708 890 1802; x_wconf 74' lang='grc' dir='ltr'><strong><em>Θρᾴκῃ</em></strong></span> <span class='ocrx_word' id='word_1_100' title='bbox 908 1736 988 1778; x_wconf 88' lang='lat' dir='ltr'>usus</span> <span class='ocrx_word' id='word_1_101' title='bbox 1011 1710 1160 1793; x_wconf 86' lang='lat' dir='ltr'>offendit,</span> <span class='ocrx_word' id='word_1_102' title='bbox 1185 1732 1244 1798; x_wconf 91' lang='lat' dir='ltr'>pro</span> 
     </span>
     <span class='ocr_line' id='line_1_14' title="bbox 132 1797 1244 1905; baseline -0.006 -23"><span class='ocrx_word' id='word_1_103' title='bbox 132 1839 195 1905; x_wconf 92' lang='lat' dir='ltr'>quo</span> <span class='ocrx_word' id='word_1_104' title='bbox 213 1809 320 1881; x_wconf 80' lang='grc' dir='ltr'><strong><em>αὐτόν</em></strong></span> <span class='ocrx_word' id='word_1_105' title='bbox 339 1817 563 1903; x_wconf 87' lang='lat' dir='ltr'>requisiveris,</span> <span class='ocrx_word' id='word_1_106' title='bbox 585 1818 726 1905; x_wconf 92' lang='lat' dir='ltr'>denique</span> <span class='ocrx_word' id='word_1_107' title='bbox 746 1817 833 1904; x_wconf 89' lang='lat' dir='ltr'>quod</span> <span class='ocrx_word' id='word_1_108' title='bbox 851 1815 999 1900; x_wconf 82' lang='lat' dir='ltr'>intellegi</span> <span class='ocrx_word' id='word_1_109' title='bbox 1021 1797 1144 1900; x_wconf 68' lang='lat' dir='ltr'>ne&#39;quit,</span> <span class='ocrx_word' id='word_1_110' title='bbox 1165 1812 1244 1900; x_wconf 93' lang='lat' dir='ltr'>quid</span> 
     </span>
     <span class='ocr_line' id='line_1_15' title="bbox 130 1915 1244 2005; baseline -0.005 -22"><span class='ocrx_word' id='word_1_111' title='bbox 130 1919 262 1983; x_wconf 90' lang='lat' dir='ltr'>tandem</span> <span class='ocrx_word' id='word_1_112' title='bbox 280 1917 461 2005; x_wconf 92' lang='lat' dir='ltr'>Didymum</span> <span class='ocrx_word' id='word_1_113' title='bbox 482 1920 704 2002; x_wconf 87' lang='lat' dir='ltr'>commoverit,</span> <span class='ocrx_word' id='word_1_114' title='bbox 726 1928 762 1983; x_wconf 91' lang='lat' dir='ltr'>ut</span> <span class='ocrx_word' id='word_1_115' title='bbox 774 1929 940 1983; x_wconf 87' lang='lat' dir='ltr'>auctorem</span> <span class='ocrx_word' id='word_1_116' title='bbox 963 1938 1057 1981; x_wconf 87' lang='lat' dir='ltr'>suurn</span> <span class='ocrx_word' id='word_1_117' title='bbox 1077 1915 1244 2001; x_wconf 88' lang='lat' dir='ltr'>Zopyrum</span> 
     </span>
     <span class='ocr_line' id='line_1_16' title="bbox 131 2018 1244 2107; baseline -0.004 -22"><span class='ocrx_word' id='word_1_118' title='bbox 131 2021 228 2085; x_wconf 90' lang='lat' dir='ltr'>nimis</span> <span class='ocrx_word' id='word_1_119' title='bbox 259 2018 398 2106; x_wconf 90' lang='lat' dir='ltr'>superbe</span> <span class='ocrx_word' id='word_1_120' title='bbox 422 2020 641 2107; x_wconf 86' lang='lat' dir='ltr'>vituperaret,</span> <span class='ocrx_word' id='word_1_121' title='bbox 668 2022 760 2086; x_wconf 90' lang='lat' dir='ltr'>cuius</span> <span class='ocrx_word' id='word_1_122' title='bbox 789 2021 951 2103; x_wconf 88' lang='lat' dir='ltr'>narratio,</span> <span class='ocrx_word' id='word_1_123' title='bbox 980 2018 1107 2084; x_wconf 87' lang='lat' dir='ltr'>etiamsi</span> <span class='ocrx_word' id='word_1_124' title='bbox 1130 2038 1244 2081; x_wconf 89' lang='lat' dir='ltr'>eonce-</span> 
     </span>
     <span class='ocr_line' id='line_1_17' title="bbox 130 2115 1245 2207; baseline -0.005 -21"><span class='ocrx_word' id='word_1_125' title='bbox 130 2122 190 2186; x_wconf 88' lang='lat' dir='ltr'>das</span> <span class='ocrx_word' id='word_1_126' title='bbox 217 2121 320 2186; x_wconf 92' lang='lat' dir='ltr'>abeo</span> <span class='ocrx_word' id='word_1_127' title='bbox 344 2121 448 2186; x_wconf 84' lang='lat' dir='ltr'>verba</span> <span class='ocrx_word' id='word_1_128' title='bbox 472 2121 770 2188; x_wconf 84' lang='lat' dir='ltr'>conclamatissima</span> <span class='ocrx_word' id='word_1_129' title='bbox 793 2126 916 2187; x_wconf 83' lang='grc' dir='ltr'><strong><em>τοῦτον</em></strong></span> <span class='ocrx_word' id='word_1_130' title='bbox 949 2119 986 2185; x_wconf 72' lang='grc' dir='ltr'>ἐν</span> <span class='ocrx_word' id='word_1_131' title='bbox 1008 2115 1124 2207; x_wconf 77' lang='grc' dir='ltr'><strong><em>Θρᾴκῃ</em></strong></span> <span class='ocrx_word' id='word_1_132' title='bbox 1152 2139 1245 2181; x_wconf 82' lang='grc' dir='ltr'><strong><em>τετε-</em></strong></span> 
     </span>
     <span class='ocr_line' id='line_1_18' title="bbox 131 2219 1247 2312; baseline -0.003 -23"><span class='ocrx_word' id='word_1_133' title='bbox 131 2223 327 2306; x_wconf 80' lang='grc' dir='ltr'><strong><em>λευτηκέναι</em></strong></span> <span class='ocrx_word' id='word_1_134' title='bbox 348 2222 496 2311; x_wconf 83' lang='lat' dir='ltr'>profecta</span> <span class='ocrx_word' id='word_1_135' title='bbox 516 2247 599 2308; x_wconf 90' lang='lat' dir='ltr'>esse,</span> <span class='ocrx_word' id='word_1_136' title='bbox 618 2235 727 2290; x_wconf 89' lang='lat' dir='ltr'>tamen</span> <span class='ocrx_word' id='word_1_137' title='bbox 750 2225 867 2291; x_wconf 88' lang='lat' dir='ltr'>collato</span> <span class='ocrx_word' id='word_1_138' title='bbox 887 2226 994 2312; x_wconf 85' lang='lat' dir='ltr'>capite</span> <span class='ocrx_word' id='word_1_139' title='bbox 1009 2227 1046 2287; x_wconf 87' lang='lat'>31</span> <span class='ocrx_word' id='word_1_140' title='bbox 1070 2222 1143 2287; x_wconf 88' lang='lat' dir='ltr'>veri</span> <span class='ocrx_word' id='word_1_141' title='bbox 1165 2219 1247 2307; x_wconf 89' lang='lat' dir='ltr'>quid</span> 
     </span>
     <span class='ocr_line' id='line_1_19' title="bbox 131 2326 1244 2414; baseline -0.007 -22"><span class='ocrx_word' id='word_1_142' title='bbox 131 2328 166 2392; x_wconf 92' lang='lat' dir='ltr'>in</span> <span class='ocrx_word' id='word_1_143' title='bbox 187 2348 222 2390; x_wconf 89' lang='lat' dir='ltr'>se</span> <span class='ocrx_word' id='word_1_144' title='bbox 243 2327 444 2391; x_wconf 88' lang='lat' dir='ltr'>continuisse</span> <span class='ocrx_word' id='word_1_145' title='bbox 465 2326 572 2391; x_wconf 83' lang='lat' dir='ltr'>videri</span> <span class='ocrx_word' id='word_1_146' title='bbox 595 2329 710 2414; x_wconf 91' lang='lat' dir='ltr'>possit.</span> <span class='ocrx_word' id='word_1_147' title='bbox 754 2327 817 2392; x_wconf 88' lang='lat' dir='ltr'>His</span> <span class='ocrx_word' id='word_1_148' title='bbox 843 2326 1011 2414; x_wconf 85' lang='lat' dir='ltr'>perpensis</span> <span class='ocrx_word' id='word_1_149' title='bbox 1039 2347 1059 2388; x_wconf 88' lang='lat' dir='ltr'>a</span> <span class='ocrx_word' id='word_1_150' title='bbox 1080 2326 1244 2408; x_wconf 84' lang='lat' dir='ltr'>vitupera·</span> 
     </span>
     <span class='ocr_line' id='line_1_20' title="bbox 131 2423 1245 2516; baseline -0.005 -24"><span class='ocrx_word' id='word_1_151' title='bbox 131 2429 220 2492; x_wconf 89' lang='lat' dir='ltr'>tione</span> <span class='ocrx_word' id='word_1_152' title='bbox 250 2428 329 2491; x_wconf 88' lang='lat' dir='ltr'>satis</span> <span class='ocrx_word' id='word_1_153' title='bbox 356 2428 500 2491; x_wconf 88' lang='lat' dir='ltr'>munitus</span> <span class='ocrx_word' id='word_1_154' title='bbox 526 2430 602 2510; x_wconf 89' lang='lat' dir='ltr'>erit,</span> <span class='ocrx_word' id='word_1_155' title='bbox 634 2432 661 2493; x_wconf 89' lang='lat' dir='ltr'>si</span> <span class='ocrx_word' id='word_1_156' title='bbox 689 2431 762 2516; x_wconf 88' lang='lat' dir='ltr'>quis</span> <span class='ocrx_word' id='word_1_157' title='bbox 791 2430 1010 2493; x_wconf 87' lang='lat' dir='ltr'>coniecturam</span> <span class='ocrx_word' id='word_1_158' title='bbox 1038 2423 1245 2511; x_wconf 89' lang='lat' dir='ltr'>proposuerit</span> 
     </span>
     <span class='ocr_line' id='line_1_21' title="bbox 134 2528 1246 2617; baseline -0.008 -21"><span class='ocrx_word' id='word_1_159' title='bbox 134 2528 286 2596; x_wconf 84' lang='lat' dir='ltr'>Goellero</span> <span class='ocrx_word' id='word_1_160' title='bbox 320 2530 386 2593; x_wconf 85' lang='lat' dir='ltr'>iam</span> <span class='ocrx_word' id='word_1_161' title='bbox 421 2529 548 2616; x_wconf 91' lang='lat' dir='ltr'>pridem</span> <span class='ocrx_word' id='word_1_162' title='bbox 576 2530 761 2616; x_wconf 87' lang='lat' dir='ltr'>probatam,</span> <span class='ocrx_word' id='word_1_163' title='bbox 801 2553 906 2617; x_wconf 88' lang='lat' dir='ltr'>neque</span> <span class='ocrx_word' id='word_1_164' title='bbox 937 2529 1105 2614; x_wconf 86' lang='lat' dir='ltr'>Zopyrum</span> <span class='ocrx_word' id='word_1_165' title='bbox 1140 2546 1246 2611; x_wconf 88' lang='lat' dir='ltr'>neque</span> 
     </span>
     <span class='ocr_line' id='line_1_22' title="bbox 134 2630 1246 2721; baseline -0.006 -25"><span class='ocrx_word' id='word_1_166' title='bbox 134 2632 265 2696; x_wconf 88' lang='lat' dir='ltr'>omnino</span> <span class='ocrx_word' id='word_1_167' title='bbox 285 2631 477 2716; x_wconf 88' lang='lat' dir='ltr'>scriptorem</span> <span class='ocrx_word' id='word_1_168' title='bbox 493 2630 703 2718; x_wconf 88' lang='lat' dir='ltr'>Thucydides</span> <span class='ocrx_word' id='word_1_169' title='bbox 724 2654 788 2721; x_wconf 87' lang='lat' dir='ltr'>quo</span> <span class='ocrx_word' id='word_1_170' title='bbox 811 2632 881 2696; x_wconf 86' lang='lat' dir='ltr'>loco</span> <span class='ocrx_word' id='word_1_171' title='bbox 902 2631 1043 2717; x_wconf 88' lang='lat' dir='ltr'>perisset</span> <span class='ocrx_word' id='word_1_172' title='bbox 1063 2635 1246 2692; x_wconf 87' lang='lat' dir='ltr'>contestan-</span> 
     </span>
     <span class='ocr_line' id='line_1_23' title="bbox 131 2731 1245 2821; baseline -0.006 -22"><span class='ocrx_word' id='word_1_173' title='bbox 131 2743 198 2799; x_wconf 88' lang='lat' dir='ltr'>tem</span> <span class='ocrx_word' id='word_1_174' title='bbox 225 2733 354 2815; x_wconf 90' lang='lat' dir='ltr'>induci,</span> <span class='ocrx_word' id='word_1_175' title='bbox 384 2732 443 2797; x_wconf 88' lang='lat' dir='ltr'>sed</span> <span class='ocrx_word' id='word_1_176' title='bbox 469 2733 570 2797; x_wconf 89' lang='lat' dir='ltr'>alium</span> <span class='ocrx_word' id='word_1_177' title='bbox 592 2736 772 2821; x_wconf 76' lang='lat' dir='ltr'>quendam,</span> <span class='ocrx_word' id='word_1_178' title='bbox 797 2756 902 2821; x_wconf 88' lang='lat' dir='ltr'>genus</span> <span class='ocrx_word' id='word_1_179' title='bbox 921 2732 1036 2796; x_wconf 89' lang='lat' dir='ltr'>mortis</span> <span class='ocrx_word' id='word_1_180' title='bbox 1059 2731 1115 2818; x_wconf 92' lang='lat' dir='ltr'>qui</span> <span class='ocrx_word' id='word_1_181' title='bbox 1139 2737 1245 2794; x_wconf 90' lang='lat' dir='ltr'>conte-</span> 
     </span>
     <span class='ocr_line' id='line_1_24' title="bbox 133 2833 1246 2922; baseline -0.006 -20"><span class='ocrx_word' id='word_1_182' title='bbox 133 2845 253 2920; x_wconf 82' lang='lat' dir='ltr'>stetur,</span> <span class='ocrx_word' id='word_1_183' title='bbox 287 2835 454 2901; x_wconf 81' lang='lat' dir='ltr'>advocari.</span> <span class='ocrx_word' id='word_1_184' title='bbox 513 2835 602 2917; x_wconf 82' lang='lat' dir='ltr'>Quid</span> <span class='ocrx_word' id='word_1_185' title='bbox 633 2837 760 2922; x_wconf 77' lang='lat' dir='ltr'>igitur?</span> <span class='ocrx_word' id='word_1_186' title='bbox 813 2834 975 2901; x_wconf 90' lang='lat' dir='ltr'>Vocabuli</span> <span class='ocrx_word' id='word_1_187' title='bbox 1014 2833 1180 2916; x_wconf 80' lang='grc' dir='ltr'><strong><em>Ζώπυρος</em></strong></span> <span class='ocrx_word' id='word_1_188' title='bbox 1211 2833 1246 2895; x_wconf 92' lang='lat' dir='ltr'>in</span> 
     </span>
    </p>
   </div>
   <div class='ocr_carea' id='block_1_4' title="bbox 7 2935 1245 3026">
    <p class='ocr_par' dir='ltr' id='par_1_4' title="bbox 7 2935 1245 3026">
     <span class='ocr_line' id='line_1_25' title="bbox 7 2935 1245 3026; baseline -0.006 -19"><span class='ocrx_word' id='word_1_189' title='bbox 7 2963 14 2972; x_wconf 73' lang='grc'><strong><em>”</em></strong></span> <span class='ocrx_word' id='word_1_190' title='bbox 133 2935 289 3022; x_wconf 74' lang='grc' dir='ltr'><strong><em>Σάτυρος</em></strong></span> <span class='ocrx_word' id='word_1_191' title='bbox 309 2937 417 3002; x_wconf 78' lang='lat' dir='ltr'>tbcilie</span> <span class='ocrx_word' id='word_1_192' title='bbox 440 2938 501 3002; x_wconf 90' lang='lat' dir='ltr'>erit</span> <span class='ocrx_word' id='word_1_193' title='bbox 522 2941 718 3025; x_wconf 87' lang='lat' dir='ltr'>permutatio</span> <span class='ocrx_word' id='word_1_194' title='bbox 748 2940 824 3026; x_wconf 84' lang='lat' dir='ltr'>(cfr.</span> <span class='ocrx_word' id='word_1_195' title='bbox 846 2937 1013 3004; x_wconf 84' lang='lat' dir='ltr'>Welcker.</span> <span class='ocrx_word' id='word_1_196' title='bbox 1039 2935 1156 3023; x_wconf 88' lang='lat' dir='ltr'>syllog.</span> <span class='ocrx_word' id='word_1_197' title='bbox 1180 2937 1245 3021; x_wconf 90' lang='lat' dir='ltr'>epi-</span> 
     </span>
    </p>
   </div>
   <div class='ocr_carea' id='block_1_5' title="bbox 124 3036 1248 4451">
    <p class='ocr_par' dir='ltr' id='par_1_5' title="bbox 124 3036 1248 4451">
     <span class='ocr_line' id='line_1_26' title="bbox 132 3036 1245 3129; baseline -0.001 -26"><span class='ocrx_word' id='word_1_198' title='bbox 132 3065 181 3128; x_wconf 85' lang='lat' dir='ltr'>gr.</span> <span class='ocrx_word' id='word_1_199' title='bbox 213 3065 245 3128; x_wconf 91' lang='lat' dir='ltr'>p.</span> <span class='ocrx_word' id='word_1_200' title='bbox 279 3040 368 3126; x_wconf 85' lang='lat'>213).</span> <span class='ocrx_word' id='word_1_201' title='bbox 413 3040 464 3103; x_wconf 90' lang='lat' dir='ltr'>Ao</span> <span class='ocrx_word' id='word_1_202' title='bbox 487 3038 624 3126; x_wconf 86' lang='lat' dir='ltr'>Satyrus</span> <span class='ocrx_word' id='word_1_203' title='bbox 646 3043 792 3128; x_wconf 91' lang='lat' dir='ltr'>quidem,</span> <span class='ocrx_word' id='word_1_204' title='bbox 825 3042 866 3107; x_wconf 92' lang='lat' dir='ltr'>de</span> <span class='ocrx_word' id='word_1_205' title='bbox 901 3063 965 3129; x_wconf 92' lang='lat' dir='ltr'>quo</span> <span class='ocrx_word' id='word_1_206' title='bbox 997 3039 1040 3104; x_wconf 81' lang='lat' dir='ltr'>cf.</span> <span class='ocrx_word' id='word_1_207' title='bbox 1061 3037 1174 3103; x_wconf 91' lang='lat' dir='ltr'>Muell.</span> <span class='ocrx_word' id='word_1_208' title='bbox 1204 3036 1245 3102; x_wconf 88' lang='lat' dir='ltr'>fr.</span> 
     </span>
     <span class='ocr_line' id='line_1_27' title="bbox 133 3140 1247 3228; baseline -0.004 -21"><span class='ocrx_word' id='word_1_209' title='bbox 133 3144 222 3207; x_wconf 89' lang='lat' dir='ltr'>histt.</span> <span class='ocrx_word' id='word_1_210' title='bbox 242 3141 301 3206; x_wconf 83' lang='lat' dir='ltr'>Gr.</span> <span class='ocrx_word' id='word_1_211' title='bbox 322 3140 376 3205; x_wconf 91' lang='lat' dir='ltr'>III</span> <span class='ocrx_word' id='word_1_212' title='bbox 402 3164 435 3228; x_wconf 91' lang='lat' dir='ltr'>p.</span> <span class='ocrx_word' id='word_1_213' title='bbox 460 3145 518 3206; x_wconf 90' lang='grc'>159</span> <span class='ocrx_word' id='word_1_214' title='bbox 524 3191 534 3224; x_wconf 99' lang='lat'>,</span> <span class='ocrx_word' id='word_1_215' title='bbox 564 3141 672 3208; x_wconf 92' lang='lat' dir='ltr'>Plinio</span> <span class='ocrx_word' id='word_1_216' title='bbox 698 3152 782 3210; x_wconf 91' lang='lat' dir='ltr'>teste</span> <span class='ocrx_word' id='word_1_217' title='bbox 807 3145 900 3209; x_wconf 84' lang='lat' dir='ltr'>iuxta</span> <span class='ocrx_word' id='word_1_218' title='bbox 921 3165 995 3207; x_wconf 89' lang='lat' dir='ltr'>cum</span> <span class='ocrx_word' id='word_1_219' title='bbox 1017 3141 1196 3226; x_wconf 89' lang='lat' dir='ltr'>Hermippo</span> <span class='ocrx_word' id='word_1_220' title='bbox 1214 3147 1247 3203; x_wconf 90' lang='lat' dir='ltr'>et</span> 
     </span>
     <span class='ocr_line' id='line_1_28' title="bbox 133 3242 1247 3335; baseline -0.004 -26"><span class='ocrx_word' id='word_1_221' title='bbox 133 3244 300 3328; x_wconf 90' lang='lat' dir='ltr'>Antigono</span> <span class='ocrx_word' id='word_1_222' title='bbox 321 3243 473 3329; x_wconf 84' lang='lat' dir='ltr'>Carystio</span> <span class='ocrx_word' id='word_1_223' title='bbox 496 3245 638 3310; x_wconf 88' lang='lat' dir='ltr'>vitarum</span> <span class='ocrx_word' id='word_1_224' title='bbox 659 3248 798 3335; x_wconf 88' lang='lat' dir='ltr'>scriptor</span> <span class='ocrx_word' id='word_1_225' title='bbox 819 3245 1044 3312; x_wconf 87' lang='lat' dir='ltr'>nobilissimus</span> <span class='ocrx_word' id='word_1_226' title='bbox 1067 3245 1166 3330; x_wconf 88' lang='lat' dir='ltr'>inque</span> <span class='ocrx_word' id='word_1_227' title='bbox 1192 3242 1247 3306; x_wconf 92' lang='lat' dir='ltr'>de-</span> 
     </span>
     <span class='ocr_line' id='line_1_29' title="bbox 133 3343 1248 3434; baseline -0.005 -24"><span class='ocrx_word' id='word_1_228' title='bbox 133 3346 217 3411; x_wconf 89' lang='lat' dir='ltr'>liciis</span> <span class='ocrx_word' id='word_1_229' title='bbox 239 3343 390 3409; x_wconf 88' lang='lat' dir='ltr'>omnibus</span> <span class='ocrx_word' id='word_1_230' title='bbox 411 3344 543 3410; x_wconf 89' lang='lat' dir='ltr'>habitus</span> <span class='ocrx_word' id='word_1_231' title='bbox 565 3346 653 3412; x_wconf 88' lang='lat' dir='ltr'>haud</span> <span class='ocrx_word' id='word_1_232' title='bbox 668 3351 735 3414; x_wconf 88' lang='lat' dir='ltr'>scio</span> <span class='ocrx_word' id='word_1_233' title='bbox 756 3372 799 3414; x_wconf 87' lang='lat' dir='ltr'>an</span> <span class='ocrx_word' id='word_1_234' title='bbox 820 3349 853 3413; x_wconf 91' lang='lat' dir='ltr'>h.</span> <span class='ocrx_word' id='word_1_235' title='bbox 869 3348 890 3413; x_wconf 95' lang='lat' dir='ltr'>l.</span> <span class='ocrx_word' id='word_1_236' title='bbox 913 3369 933 3411; x_wconf 86' lang='lat' dir='ltr'>a</span> <span class='ocrx_word' id='word_1_237' title='bbox 952 3347 1099 3434; x_wconf 92' lang='lat' dir='ltr'>Didymo</span> <span class='ocrx_word' id='word_1_238' title='bbox 1119 3365 1184 3407; x_wconf 93' lang='lat' dir='ltr'>non</span> <span class='ocrx_word' id='word_1_239' title='bbox 1205 3343 1248 3405; x_wconf 88' lang='lat' dir='ltr'>sit</span> 
     </span>
     <span class='ocr_line' id='line_1_30' title="bbox 132 3442 1247 3536; baseline -0.006 -24"><span class='ocrx_word' id='word_1_240' title='bbox 132 3449 392 3534; x_wconf 89' lang='lat' dir='ltr'>praetermissus.</span> <span class='ocrx_word' id='word_1_241' title='bbox 441 3442 495 3513; x_wconf 86' lang='grc' dir='ltr'>Ἐν</span> <span class='ocrx_word' id='word_1_242' title='bbox 524 3445 643 3536; x_wconf 78' lang='grc' dir='ltr'><strong><em>Θρᾴκῃ</em></strong></span> <span class='ocrx_word' id='word_1_243' title='bbox 676 3452 813 3517; x_wconf 92' lang='lat' dir='ltr'>emendo</span> <span class='ocrx_word' id='word_1_244' title='bbox 844 3452 879 3515; x_wconf 93' lang='lat' dir='ltr'>in</span> <span class='ocrx_word' id='word_1_245' title='bbox 910 3442 1059 3530; x_wconf 74' lang='grc' dir='ltr'><strong><em>ἄνθρακι</em></strong></span> <span class='ocrx_word' id='word_1_246' title='bbox 1091 3442 1247 3509; x_wconf 75' lang='lat' dir='ltr'>‘carbun-</span> 
     </span>
     <span class='ocr_line' id='line_1_31' title="bbox 134 3540 1248 3637; baseline -0.007 -24"><span class='ocrx_word' id='word_1_247' title='bbox 134 3548 224 3613; x_wconf 88' lang='lat' dir='ltr'>culo’</span> <span class='ocrx_word' id='word_1_248' title='bbox 260 3549 335 3613; x_wconf 90' lang='lat' dir='ltr'>coll.</span> <span class='ocrx_word' id='word_1_249' title='bbox 376 3548 460 3614; x_wconf 91' lang='lat' dir='ltr'>Poll.</span> <span class='ocrx_word' id='word_1_250' title='bbox 498 3556 531 3615; x_wconf 83' lang='lat' dir='ltr'><em>A</em></span> <span class='ocrx_word' id='word_1_251' title='bbox 561 3554 620 3614; x_wconf 82' lang='lat'>192</span> <span class='ocrx_word' id='word_1_252' title='bbox 647 3574 679 3637; x_wconf 95' lang='lat' dir='ltr'>p.</span> <span class='ocrx_word' id='word_1_253' title='bbox 712 3556 770 3617; x_wconf 86' lang='lat'>188</span> <span class='ocrx_word' id='word_1_254' title='bbox 800 3551 909 3616; x_wconf 86' lang='lat' dir='ltr'>Bekk.</span> <span class='ocrx_word' id='word_1_255' title='bbox 939 3544 1100 3628; x_wconf 78' lang='grc' dir='ltr'><strong><em>ἄνθραξ</em></strong></span> <span class='ocrx_word' id='word_1_256' title='bbox 1125 3540 1248 3626; x_wconf 81' lang='grc' dir='ltr'><strong><em>ἐσχάρα</em></strong></span> 
     </span>
     <span class='ocr_line' id='line_1_32' title="bbox 135 3642 1248 3736; baseline -0.004 -23"><span class='ocrx_word' id='word_1_257' title='bbox 135 3644 360 3726; x_wconf 76' lang='grc' dir='ltr'><strong><em>ὑτοττέλιιλνος</em></strong></span> <span class='ocrx_word' id='word_1_258' title='bbox 386 3642 407 3733; x_wconf 82' lang='grc' dir='ltr'><em>ἢ</em></span> <span class='ocrx_word' id='word_1_259' title='bbox 437 3647 540 3734; x_wconf 81' lang='grc' dir='ltr'><strong><em>λευκὴ</em></strong></span> <span class='ocrx_word' id='word_1_260' title='bbox 570 3647 591 3734; x_wconf 80' lang='grc' dir='ltr'><em>ἢ</em></span> <span class='ocrx_word' id='word_1_261' title='bbox 621 3646 777 3736; x_wconf 82' lang='grc' dir='ltr'><strong><em>ὕπωχρος</em></strong></span> <span class='ocrx_word' id='word_1_262' title='bbox 799 3650 1011 3734; x_wconf 80' lang='grc' dir='ltr'><strong><em>φλύκταιναν</em></strong></span> <span class='ocrx_word' id='word_1_263' title='bbox 1042 3648 1164 3730; x_wconf 81' lang='grc' dir='ltr'><strong><em>ἔχουσα</em></strong></span> <span class='ocrx_word' id='word_1_264' title='bbox 1193 3643 1248 3709; x_wconf 78' lang='grc' dir='ltr'>καὶ</span> 
     </span>
     <span class='ocr_line' id='line_1_33' title="bbox 134 3745 1247 3833; baseline -0.004 -18"><span class='ocrx_word' id='word_1_265' title='bbox 134 3746 291 3833; x_wconf 82' lang='grc' dir='ltr'><strong><em>ἐρύθημα</em></strong></span> <span class='ocrx_word' id='word_1_266' title='bbox 329 3748 384 3813; x_wconf 81' lang='grc' dir='ltr'>καὶ</span> <span class='ocrx_word' id='word_1_267' title='bbox 417 3745 589 3833; x_wconf 77' lang='grc' dir='ltr'><strong><em>ἀλγηδόνα</em></strong></span> <span class='ocrx_word' id='word_1_268' title='bbox 629 3750 809 3816; x_wconf 81' lang='grc' dir='ltr'><strong><em>σύντονον.</em></strong></span> <span class='ocrx_word' id='word_1_269' title='bbox 865 3748 981 3814; x_wconf 89' lang='lat' dir='ltr'>Morbo</span> <span class='ocrx_word' id='word_1_270' title='bbox 1020 3755 1247 3833; x_wconf 89' lang='lat' dir='ltr'>consumptum</span> 
     </span>
     <span class='ocr_line' id='line_1_34' title="bbox 134 3848 1247 3938; baseline -0.004 -22"><span class='ocrx_word' id='word_1_271' title='bbox 134 3874 206 3917; x_wconf 87' lang='lat' dir='ltr'>esse</span> <span class='ocrx_word' id='word_1_272' title='bbox 229 3850 456 3937; x_wconf 86' lang='lat' dir='ltr'>Thucydidem</span> <span class='ocrx_word' id='word_1_273' title='bbox 478 3852 575 3916; x_wconf 89' lang='lat' dir='ltr'>etism</span> <span class='ocrx_word' id='word_1_274' title='bbox 610 3874 763 3938; x_wconf 88' lang='lat' dir='ltr'>anonym.</span> <span class='ocrx_word' id='word_1_275' title='bbox 789 3853 847 3916; x_wconf 88' lang='lat' dir='ltr'>vit.</span> <span class='ocrx_word' id='word_1_276' title='bbox 866 3856 898 3933; x_wconf 56' lang='grc' dir='ltr'>ᾗ.</span> <span class='ocrx_word' id='word_1_277' title='bbox 918 3854 937 3915; x_wconf 91' lang='grc'>9</span> <span class='ocrx_word' id='word_1_278' title='bbox 960 3848 1120 3936; x_wconf 87' lang='lat' dir='ltr'>(Marcell.</span> <span class='ocrx_word' id='word_1_279' title='bbox 1143 3853 1174 3929; x_wconf 66' lang='grc' dir='ltr'>ξ.</span> <span class='ocrx_word' id='word_1_280' title='bbox 1191 3851 1247 3932; x_wconf 83' lang='grc'>44)</span> 
     </span>
     <span class='ocr_line' id='line_1_35' title="bbox 124 3949 1248 4040; baseline -0.004 -23"><span class='ocrx_word' id='word_1_281' title='bbox 124 3953 286 4027; x_wconf 77' lang='lat' dir='ltr'>‚affirmat</span> <span class='ocrx_word' id='word_1_282' title='bbox 331 3951 445 4039; x_wconf 88' lang='lat' dir='ltr'>Neque</span> <span class='ocrx_word' id='word_1_283' title='bbox 472 3953 591 4016; x_wconf 93' lang='lat' dir='ltr'>mirum</span> <span class='ocrx_word' id='word_1_284' title='bbox 619 3954 647 4017; x_wconf 90' lang='lat' dir='ltr'>si</span> <span class='ocrx_word' id='word_1_285' title='bbox 669 3953 735 4017; x_wconf 86' lang='lat' dir='ltr'>tale</span> <span class='ocrx_word' id='word_1_286' title='bbox 754 3953 833 4040; x_wconf 92' lang='lat' dir='ltr'>quid</span> <span class='ocrx_word' id='word_1_287' title='bbox 853 3952 991 4038; x_wconf 87' lang='lat' dir='ltr'>Satyrus</span> <span class='ocrx_word' id='word_1_288' title='bbox 1013 3949 1163 4032; x_wconf 88' lang='lat' dir='ltr'>tradidit,</span> <span class='ocrx_word' id='word_1_289' title='bbox 1192 3951 1248 4036; x_wconf 91' lang='lat' dir='ltr'>qui</span> 
     </span>
     <span class='ocr_line' id='line_1_36' title="bbox 133 4050 1248 4141; baseline -0.003 -23"><span class='ocrx_word' id='word_1_290' title='bbox 133 4056 169 4118; x_wconf 90' lang='lat' dir='ltr'>iu</span> <span class='ocrx_word' id='word_1_291' title='bbox 197 4075 295 4140; x_wconf 90' lang='lat' dir='ltr'>opere</span> <span class='ocrx_word' id='word_1_292' title='bbox 324 4053 400 4136; x_wconf 76' lang='grc' dir='ltr'><strong><em>περὶ</em></strong></span> <span class='ocrx_word' id='word_1_293' title='bbox 425 4055 510 4138; x_wconf 82' lang='grc' dir='ltr'><strong><em>βίον</em></strong></span> <span class='ocrx_word' id='word_1_294' title='bbox 538 4055 695 4141; x_wconf 88' lang='lat' dir='ltr'>inscripto</span> <span class='ocrx_word' id='word_1_295' title='bbox 728 4063 854 4120; x_wconf 89' lang='lat' dir='ltr'>tantum</span> <span class='ocrx_word' id='word_1_296' title='bbox 877 4052 983 4117; x_wconf 88' lang='lat' dir='ltr'>abfuit</span> <span class='ocrx_word' id='word_1_297' title='bbox 1014 4061 1051 4116; x_wconf 93' lang='lat' dir='ltr'>ut</span> <span class='ocrx_word' id='word_1_298' title='bbox 1078 4050 1248 4136; x_wconf 89' lang='lat' dir='ltr'>vulgarem</span> 
     </span>
     <span class='ocr_line' id='line_1_37' title="bbox 133 4154 1248 4243; baseline -0.004 -24"><span class='ocrx_word' id='word_1_299' title='bbox 133 4155 253 4220; x_wconf 83' lang='lat' dir='ltr'>lamam</span> <span class='ocrx_word' id='word_1_300' title='bbox 273 4162 473 4243; x_wconf 86' lang='lat' dir='ltr'>sequeretur,</span> <span class='ocrx_word' id='word_1_301' title='bbox 495 4165 532 4222; x_wconf 88' lang='lat' dir='ltr'>ut</span> <span class='ocrx_word' id='word_1_302' title='bbox 545 4178 692 4221; x_wconf 89' lang='lat' dir='ltr'>rumores</span> <span class='ocrx_word' id='word_1_303' title='bbox 714 4177 860 4243; x_wconf 85' lang='lat' dir='ltr'>quosque</span> <span class='ocrx_word' id='word_1_304' title='bbox 882 4154 1079 4220; x_wconf 85' lang='lat' dir='ltr'>vanissimos</span> <span class='ocrx_word' id='word_1_305' title='bbox 1102 4174 1141 4216; x_wconf 88' lang='lat' dir='ltr'>ae</span> <span class='ocrx_word' id='word_1_306' title='bbox 1163 4174 1248 4241; x_wconf 87' lang='lat' dir='ltr'>pene</span> 
     </span>
     <span class='ocr_line' id='line_1_38' title="bbox 131 4256 1246 4345; baseline 0.001 -27"><span class='ocrx_word' id='word_1_307' title='bbox 131 4256 341 4322; x_wconf 88' lang='lat' dir='ltr'>incredibiles</span> <span class='ocrx_word' id='word_1_308' title='bbox 370 4280 497 4322; x_wconf 88' lang='lat' dir='ltr'>summa</span> <span class='ocrx_word' id='word_1_309' title='bbox 524 4258 717 4323; x_wconf 85' lang='lat' dir='ltr'>credulitate</span> <span class='ocrx_word' id='word_1_310' title='bbox 737 4259 908 4345; x_wconf 88' lang='lat' dir='ltr'>arriperet.</span> <span class='ocrx_word' id='word_1_311' title='bbox 953 4256 1083 4337; x_wconf 86' lang='lat' dir='ltr'>Restat,</span> <span class='ocrx_word' id='word_1_312' title='bbox 1112 4265 1149 4318; x_wconf 90' lang='lat' dir='ltr'>ut</span> <span class='ocrx_word' id='word_1_313' title='bbox 1171 4275 1246 4319; x_wconf 89' lang='lat' dir='ltr'>enu-</span> 
     </span>
     <span class='ocr_line' id='line_1_39' title="bbox 131 4353 1248 4451; baseline 0.004 -29"><span class='ocrx_word' id='word_1_314' title='bbox 131 4353 273 4423; x_wconf 87' lang='lat' dir='ltr'>cleemus</span> <span class='ocrx_word' id='word_1_315' title='bbox 298 4358 377 4451; x_wconf 89' lang='lat' dir='ltr'>quid</span> <span class='ocrx_word' id='word_1_316' title='bbox 404 4359 448 4426; x_wconf 89' lang='lat' dir='ltr'>sit</span> <span class='ocrx_word' id='word_1_317' title='bbox 476 4358 623 4426; x_wconf 72' lang='grc' dir='ltr'><strong><em>τοῦτονλ</em></strong></span> <span class='ocrx_word' id='word_1_318' title='bbox 675 4358 748 4426; x_wconf 88' lang='grc' dir='ltr'>Ηοο</span> <span class='ocrx_word' id='word_1_319' title='bbox 778 4358 879 4446; x_wconf 85' lang='lat' dir='ltr'>igitur</span> <span class='ocrx_word' id='word_1_320' title='bbox 905 4366 941 4424; x_wconf 89' lang='lat' dir='ltr'>ut</span> <span class='ocrx_word' id='word_1_321' title='bbox 969 4380 1160 4448; x_wconf 88' lang='lat' dir='ltr'>assequare,</span> <span class='ocrx_word' id='word_1_322' title='bbox 1192 4382 1248 4426; x_wconf 89' lang='lat' dir='ltr'>ne·</span> 
     </span>
    </p>
   </div>
   <div class='ocr_carea' id='block_1_6' title="bbox 0 0 1491 5018">
    <p class='ocr_par' dir='ltr' id='par_1_6' title="bbox 0 0 1491 5018">
     <span class='ocr_line' id='line_1_40' title="bbox 0 0 1491 5018; baseline 0 0"><span class='ocrx_word' id='word_1_323' title='bbox 0 0 1491 5018; x_wconf 95' lang='lat' dir='ltr'> </span> 
     </span>
    </p>
   </div>
  </div>
 </body>
</html>
