2948 5024
610 391 808 463 ρ,ιχ-

232 562 319 635 [730.
353 556 541 640 Ζηνόδοτος
569 552 601 623 δ’
633 551 651 621 ὁ
680 553 870 641 Μαλλώτης
898 562 1134 642 προστίθησιν·
1174 557 1263 647 ἄλλῳ

149 659 184 724 δ’
207 654 386 742 ὀρχηστύν,
409 657 510 746 ἑτέρφ
530 664 670 739 κίθαριν
693 658 748 724 καὶ
768 654 898 743 άοιδήν.
921 661 975 743 7.]

229 764 314 840 [732.
329 769 446 827 τιθεῖ
461 759 508 829 νό
516 785 580 827 ον·
593 761 678 828 νόον
688 766 817 846 τίθει,
829 756 939 839 οὕτως
947 757 1195 846 Ἀριστοφάνης.
1209 763 1263 836 V.]

231 867 303 928 733.
326 867 494 929 πολλοί·
516 860 760 951 Ἀριστοφάνης
778 863 947 930 πολλόν.
971 866 1013 928 A.
1062 849 1067 865 ⁸

233 967 305 1030 785.
329 959 608 1053 ἐμμεμαῶτες·
638 962 746 1045 οὕτως
765 962 995 1052 Ἀρίσταρχος,
1018 959 1114 1029 ἄλλοι
1135 961 1170 1030 δέ
1193 989 1264 1048 με-

152 1070 316 1152 μαῶτες.
339 1069 380 1134 A.

233 1173 304 1234 797.
335 1164 444 1249 οὕτως
463 1165 546 1255 μετὰ
564 1173 626 1237 τοῦ
642 1171 835 1255 συνδέσμου
857 1171 1079 1257 θεσπεσίῳ
1099 1161 1134 1234 δ’
1157 1161 1264 1252 ὁμά-

232 1360 304 1438 80'8.
325 1373 541 1438 Aristonicus.
558 1373 572 1462 ΙΙ
586 1373 751 1460 Didymus
763 1370 817 1437 καί
829 1365 847 1435 ὁ
858 1367 1070 1456 Ἀρίσταρχος
1084 1370 1174 1455 λέγει
1186 1369 1263 1455 περὶ

147 1477 208 1538 τοῦ
230 1477 346 1558 στίχον
367 1468 486 1558 οὕτως,
510 1467 563 1539 ότι
589 1473 626 1540 έν
648 1476 881 1559 Ζηνοδοτείοις
903 1471 1051 1556 ἐφέρετο.
1074 1474 1116 1539 A.
1321 1498 1326 1506 ·

232 1579 304 1641 810.
335 1571 548 1659 Ἀρίσταρχος
568 1571 723 1658 αὕτως,
746 1570 841 1640 ἄλλοι
866 1571 902 1639 δέ
923 1569 1066 1652 οὕτως.
1092 1579 1133 1642 A.

233 1680 306 1743 824.
335 1676 525 1761 Ζηνόδοτος
544 1674 720 1762 βουγήῑε
739 1671 796 1741 διά
818 1681 879 1742 τού
899 1700 937 1760 η·
961 1672 979 1742 ό
1003 1676 1040 1741 δὲ
1053 1672 1263 1762 Ἀρίσταρχος

146 1772 204 1845 διὰ
224 1782 287 1844 τοῦ
308 1803 346 1863 α,
379 1775 461 1862 τάχα
483 1777 554 1844 ἐπεὶ
574 1783 678 1862 γαίων
704 1771 749 1855 ὡς
771 1776 824 1843 ἐπὶ
845 1774 883 1843 τό
905 1784 1062 1845 πλεῖστον
1086 1774 1263 1864 ὁποιητης

147 1879 250 1964 λέγει.
272 1882 314 1946 A.

687 2051 724 2134 Ξ.

235 2191 283 2251 16.
313 2180 526 2272 πορφύρη·
557 2185 594 2250 ἐν
615 2190 655 2272 τῇ
676 2183 869 2270 Ζηνοδότου
892 2184 1104 2272 πορφύρει
1125 2184 1181 2252 διά
1202 2194 1260 2273 τῆς

149 2307 189 2348 ει.
212 2285 254 2349 A.

234 2391 283 2450 17.
326 2380 436 2465 οὕτως
465 2383 556 2453 οὐδ’
589 2383 666 2472 άρα
691 2413 732 2453 τε
768 2386 823 2454 διὰ
856 2393 919 2454 τοῦ
952 2388 996 2454 τέ
1025 2390 1061 2452 αί
1086 2383 1260 2471 Ἀριστάρ-

146 2497 219 2570 χου.
241 2489 283 2552 A.
1095 2543 1096 2546 ,

233 2592 284 2652 36.
319 2587 420 2671 διχοὶς
443 2592 479 2655 αί
502 2586 719 2677 Ἀριστάρχου
742 2586 904 2674 μακρόν
925 2589 982 2654 καὶ
1003 2585 1174 2654 πολλόν.
1193 2594 1262 2674 Ζη-

148 2689 286 2766 νόδοτος
311 2688 365 2754 καὶ
385 2684 627 2776 Ἀριστοφάνης
646 2690 812 2757 πολλόν.
834 2692 876 2755 A.

232 2795 283 2856 37.
304 2786 514 2875 Ἀρίσταρχος
536 2794 619 2878 φησὶ
639 2789 834 2876 Ζηνόδοτον
856 2787 1004 2875 γράφειν
1025 2785 1258 2868 ὀψαίοντες.

148 2889 166 2958 ὁ
189 2887 222 2959 δ’
247 2893 404 2977 έπιδέτης
418 2898 625 2979 Πτολεμαῖος
647 2897 699 2984 τῷ
718 2887 752 2980 δ’
774 2894 816 2959 οἵ
834 2888 866 2976 γ’
894 2886 942 2957 ού
965 2889 1181 2970 ψαύοντες.
1205 2894 1260 2958 καί

149 2993 253 3079 λόγον
272 2994 377 3079 φησὶν
399 2995 487 3077 ἔχειν
509 2992 571 3080 τὴν
593 2992 738 3080 γραφήν.
762 2995 803 3060 A.

232 3103 284 3163 40.
325 3091 433 3174 οὕτως
464 3093 520 3162 διά
553 3102 616 3163 τού
649 3122 667 3162 τ
698 3099 735 3163 αί
757 3091 974 3182 Ἀριστάρχου
1008 3097 1182 3180 πτῆξεν,
1213 3099 1260 3175 είς

148 3202 268 3265 πτοίαν
295 3195 431 3283 ἤγαγεν.
479 3193 588 3277 οὕτως
615 3201 670 3267 καί
698 3195 950 3285 Ἀριστοφάνης.
989 3197 1005 3267 ὁ
1031 3198 1068 3265 δὲ
1091 3197 1259 3274 Σιδόνιος

149 3303 269 3386 πῆξε,
292 3302 329 3366 έν
348 3302 407 3390 οἴῳ
429 3299 544 3390 τρόπφ
562 3302 615 3368 καί
638 3302 676 3368 ἐν
697 3306 743 3390 τῷ
762 3306 824 3390 βίφ
846 3303 957 3387 φαμὲν
979 3300 1163 3385 πεπηγέναι
1184 3292 1260 3363 τινά

148 3406 195 3492 τῷ
222 3399 336 3491 φόβῳ·
370 3399 460 3487 παρά
488 3399 525 3469 δὲ
552 3400 731 3492 Ζηνοδότφ
760 3404 944 3488 ἐγέγραπτο
975 3402 1154 3483 ἑταίρων
1185 3393 1259 3461 ἀντὶ

148 3507 212 3572 τού
231 3499 409 3590 Ἀχαιῶν.
439 3506 481 3571 A.

232 3613 284 3672 44.
308 3606 449 3672 δείδω·
472 3605 510 3668 έν
531 3608 571 3690 τῇ
589 3598 854 3689 Ἀριστοφάνους
876 3603 1026 3668 δείδια.
1049 3600 1092 3664 A.

232 3709 285 3770 45.
308 3701 337 3768 οἳ
344 3729 375 3781 ς·
395 3698 637 3788 Ἀριστοφάνης
660 3700 702 3781 ὅς
723 3699 778 3768 διὰ
798 3706 861 3768 τοῦ
884 3725 903 3766 ο
926 3697 1059 3784 γράφει.
1088 3699 1130 3763 A.
1153 3696 1155 3698 ’

233 3806 285 3867 58.
306 3805 461 3885 γνοίης
481 3796 722 3886 Ἀριστοφάνης
742 3800 848 3885 χωρὶς·
862 3804 924 3865 τοῦ
946 3817 967 3865 σ
987 3801 1118 3883 γνοίη.
1140 3799 1182 3863 A.

233 3910 284 3972 67.
329 3899 528 3987 διήλλαττον
554 3904 591 3968 αί
613 3900 846 3987 Ἀριστάρχου,
876 3891 941 3978 οἷς
965 3901 1034 3964 έπι
1062 3899 1117 3964 καὶ
1139 3889 1161 3985 ᾗ
1182 3900 1258 3963 ἔπι.

150 4001 200 4088 οἷς
222 4010 287 4092 ἔτι,
308 4010 349 4093 τη
371 4000 489 4092 τάφρφ
512 4005 632 4091 καὶτῷ
653 4005 760 4086 τείχει.
783 4004 824 4067 A.

235 4113 285 4173 72.
328 4102 438 4185 οὕτως
466 4107 504 4170 αί
523 4100 739 4189 Ἀριστάρχου
761 4097 829 4168 ὅτε
854 4098 909 4168 διά
930 4105 993 4169 τοῦ
1020 4125 1045 4168 ε.
1088 4102 1143 4167 καί
1167 4104 1260 4167 ἔστιν

149 4205 343 4276 ἀκόλουθον
377 4212 424 4297 τῷ
450 4201 551 4295 (ᾔδεα
566 4201 644 4292 ’γάρ
666 4200 723 4271 ὅτε
744 4200 927 4291 πρόφρων’
958 4202 995 4270 τό
1020 4197 1113 4270 (οἶδα
1134 4198 1172 4269 δὲ
1193 4205 1260 4268 νῦν

150 4308 236 4378 ότε’.
260 4313 301 4379 A.
