2962 5024
218 406 277 467 194
672 419 865 460 -ε-

308 570 375 633 136.
394 562 606 650 Ἀρίσταρχος
623 560 802 648 άγήρων.
825 561 918 626 Harl.

307 673 377 733 156.
401 662 660 752 άμπίτρησιν
680 668 717 730 αί
733 661 959 751 Ἀριστάρχου.
982 665 1053 730 Pal.
1077 664 1171 729 Harl.

304 764 373 834 168.
395 764 637 853 Ἀριστοφάνης
659 769 784 832 ἵκοιο.
811 767 881 831 Pal.
905 756 1000 830 Harl.

305 875 375 936 179.
400 865 521 936 ἄλλο·
542 864 786 954 Ἀριστοφάνης
806 865 955 944 ἄλλοις
977 867 1119 953 (Nauck.
1143 890 1175 953 p.
1197 870 1237 930 39
1258 889 1332 952 pro·

219 973 373 1038 babiliter
397 973 481 1039 coni.
501 966 623 1053 ἄλλοις)
647 968 781 1055 γράφει,Ι
805 961 895 1034 οἷον·
920 965 1037 1047 σώζειν
1059 967 1121 1051 μὲν
1142 967 1213 1051 ἐμέ,
1235 969 1272 1030 ἐν
1296 967 1333 1031 δὲ

219 1084 288 1151 τοῖς
304 1069 417 1151 ἄλλοις
434 1070 540 1138 κακόν
554 1076 615 1157 μοί
627 1097 659 1137 τι
679 1068 869 1158 βουλεύειν.
894 1070 965 1134 Pal.
986 1068 1079 1133 Harl.
1103 1069 1143 1149 Q.
1166 1069 1219 1132 De
1234 1091 1332 1134 versu

221 1179 279 1241 185
305 1175 424 1240 dubius
447 1175 576 1240 haereo.

300 1281 373 1342 217.
408 1271 616 1359 Ἀρίσταρχος
651 1278 711 1352 είς
732 1269 848 1356 ἄντα,
881 1274 918 1337 ul
936 1270 1127 1356 κοινότεραι
1155 1275 1213 1349 είς
1242 1262 1331 1337 ὦπα

220 1379 308 1464 (cod.
332 1380 378 1453 είς
400 1380 505 1458 σῶμα,
528 1398 611 1439 corr.
635 1374 754 1460 Pota).
780 1371 850 1435 Pal.
872 1371 966 1435 Harl.

304 1481 376 1542 232.
426 1477 490 1564 (ut)
534 1471 750 1558 Ἀριστάρχου
792 1470 1008 1556 ἐφύπερθε
1055 1474 1092 1536 αἱ
1134 1470 1333 1551 είκαιότεραι

218 1579 439 1662 ἐπέθηκεν.
463 1577 557 1641 Harl.

305 1683 378 1744 249.
422 1678 613 1743 Herodiano
644 1676 810 1762 Didymus
850 1676 1077 1763 suppeditasse
1109 1675 1255 1755 videtur,
1296 1680 1332 1735 ut

219 1785 291 1845 231.
314 1785 387 1845 391.

305 1885 378 1946 247.
399 1881 621 1945 Aristonicum
639 1879 791 1966 produnt.

303 1987 376 2048 253.
410 1982 728 2064 ἐπηγκενίδεσι·
764 1976 872 2058 οὕτως
890 1975 1119 2064 Ἀρίσταρχος,
1145 1974 1271 2056 Ῥιανὸς
1292 1978 1330 2044 dl

218 2085 466 2158 ε’πιτανίδες
500 2083 539 2168 (f.
563 2080 825 2166 ἐπεκτανίδεσι),
869 2078 977 2166 ἤγουν
1005 2092 1076 2158 ταῖς
1108 2093 1248 2165 μακραῖς
1276 2082 1331 2146 καὶ

218 2186 501 2267 ἐπεκτεταμέυαις.
524 2183 564 2246 In
579 2182 747 2268 Hesychio
770 2184 924 2269 legimus:
945 2179 1224 2267 Ἐπηγανίδις-
1248 2182 1330 2266 ἐπη-

218 2283 380 2370 νάγματα.
419 2285 574 2365 Fortasse
593 2283 655 2348 huc
681 2286 815 2371 respicit
838 2285 1104 2372 lexicographus‚
1127 2306 1222 2371 quem
1245 2279 1330 2348 ἄνα-

218 2381 355 2471 γραφὴν
380 2390 551 2450 ναυτικῶν
578 2379 754 2468 ὀνομάτων
781 2386 945 2473 expilasse
972 2387 1066 2450 docet
1092 2386 1196 2473 ipsius
1218 2385 1331 2470 glossa

217 2507 334 2573 στημα.

302 2592 375 2654 272.
394 2587 624 2670 ἐσορῶντι·
650 2611 703 2671 γρ.
720 2588 774 2652 καὶ
791 2586 1055 2670 είσορόοιυτα.
1076 2589 1175 2672 διχῶς
1189 2589 1227 2652 αί
1241 2585 1330 2670 Ἀρι-

217 2687 374 2771 στάρχου.
396 2685 490 2750 Harl.
510 2687 552 2750 cf.
576 2687 668 2751 Pors.

302 2791 375 2852 294.
414 2782 451 2851 τὸ
478 2781 510 2852 d'
540 2786 843 2871 αἰθρηγενέτης
871 2783 996 2865 Ῥιανὸς
1015 2788 1070 2854 καί
1089 2783 1330 2872 Ἀριστοφάνης

218 2889 504 2971 αίθρηγενέης
525 2886 692 2970 λέγουσιν.
716 2889 753 2953 Ρ.
773 2889 816 2953 Η.
837 2890 878 2970 Q.
901 2891 1029 2954 Nauck.
1047 2914 1078 2977 p.
1102 2892 1155 2956 47.

299 2992 371 3053 314.
396 2985 702 3071 ἐπεσσύμενον·
728 2986 938 3074 Ἀρίσταρχος
965 2988 1260 3076 ἐπισσύμενον.
1291 2994 1329 3057 Ρ.

301 3092 373 3152 315.
396 3083 525 3165 αὐτὸς
546 3091 656 3154 πέσε·
677 3087 804 3170 Ῥιανὸς
827 3087 955 3156 αὐτὸν
970 3090 1078 3178 βάλε.
1100 3089 1137 3157 τό
1157 3096 1247 3176 κῶμα
1267 3095 1329 3177 3η-

218 3189 343 3256 tovers.
365 3187 420 3254 καὶ
441 3183 590 3272 άμεινον.
610 3192 703 3256 Harl.
757 3191 760 3197 '

304 3293 376 3354 327.
421 3285 485 3354 οὐκ
510 3290 686 3373 ἐνεφέρετο
714 3296 752 3359 ἐν
779 3305 849 3372 τοῖς
879 3298 1019 3360 πλείοσι.
1060 3289 1269 3380 Ἀρίσταρχος
1292 3294 1330 3362 δὲ

219 3388 296 3475 περὶ
327 3388 390 3474 μὲν
422 3395 480 3474 τῆς
507 3385 699 3475 άθετήσεως
726 3393 886 3480 διστάζει,
919 3394 1044 3480 γράφει
1072 3395 1108 3460 δὲ
1134 3391 1191 3461 διά
1216 3401 1279 3461 τοῦ
1307 3421 1329 3462 υ

218 3485 468 3557 ὑπεδάσατο.
492 3493 530 3558 ἐν
547 3492 587 3558 δέ
606 3512 671 3558 τισι
691 3490 936 3562 άνεδύσατο.
958 3499 1045 3561 ἔοικε
1065 3491 1102 3560 dl
1123 3491 1140 3559 ὁ
1163 3502 1273 3581 στίχος
1292 3499 1329 3562 ἐκ

218 3595 286 3657 τῶν
312 3587 457 3679 ὕστερον
482 3596 666 3678 είρημένων
688 3590 755 3662 ὑπό
775 3620 866 3676 τινος
888 3601 1203 3683 παρεμβεβλῆσθαι,
1225 3594 1329 3682 αὕτη

218 3685 1327 3787 δ”άψίςπόντονίῶάσατοκυμαίνοντααίθυίηεἰκυῖα.

301 3896 381 3961 ibid.
404 3919 437 3982 p.
462 3900 533 3962 209.
577 3894 740 3981 γράφεται
766 3900 821 3963 καὶ
843 3900 996 3987 ποτην,
1024 3908 1154 3987 πτῆσιν.
1189 3897 1329 3987 ἄμεινον

219 3994 257 4061 δὲ
278 3997 377 4080 χωρὶς
396 4001 459 4063 τοῶ
477 4022 498 4062 ν
516 4000 554 4063 ἐν
572 4002 698 4086 δοτικη.
722 4001 814 4066 Harl.
838 4004 929 4068 Haec
950 4007 1068 4091 recepi,
1093 4006 1180 4093 quod
1195 4006 1238 4070 ad
1253 4005 1284 4070 h.
1296 4028 1328 4069 v.

217 4098 395 4163 Aristonici
414 4109 447 4163 et
460 4100 598 4186 Didymi
621 4101 867 4168 observationes
883 4113 1022 4169 aetatem
1037 4106 1154 4170 tulisse
1168 4106 1329 4187 videntur,

217 4196 311 4359 {1111ss
330 4199 373 4377 in
391 4198 492 4263 schol.
517 4200 608 4286 vulg.
629 4225 661 4287 p.
687 4206 747 4268 208
771 4201 837 4269 σὺν
858 4209 904 4291 τῷ
927 4230 948 4268 ν
966 4209 1148 4289 γραπτέον,
1180 4207 1275 4270 huius
1294 4208 1328 4271 in
