2962 5018
227 373 289 435 262

226 539 248 604 l.
262 539 283 603 l.
305 560 337 624 p.
354 537 448 618 236);
469 534 513 599 ad
534 535 612 600 Ant.
636 555 706 619 arg.
733 545 766 599 et
785 539 864 601 1350
888 535 945 621 (G.
966 536 1079 601 Wolff.
1101 559 1133 624 p.
1147 539 1187 599 27
1209 536 1340 601 Nauck.

225 660 257 724 p.
279 640 341 700 257
361 635 406 700 Μ.
427 634 583 700 Dittrich.
603 635 636 698 in
659 634 777 700 Philol.
800 636 817 699 I
840 660 872 722 p.
895 637 981 723 226).
1026 638 1179 724 Denique
1197 637 1342 702 Aristar·

227 739 307 804 chus
329 759 474 824 quoque,
493 736 641 822 quamvis
660 737 836 801 reticeatur
857 759 974 802 nornen
998 739 1076 820 eius,
1101 737 1267 802 adhibitus
1291 748 1342 803 est

227 839 262 902 in
295 837 396 902 schol.
430 838 473 902 ad
498 836 551 901 El.
582 840 602 899 6
635 834 846 901 λυκοκτόνου
875 841 962 903 θεοῦ
988 839 1062 903 cell.
1090 838 1234 925 Hesych.
1258 862 1285 903 s.
1306 863 1340 903 v.

227 938 321 1003 Idem
340 937 511 1024 Sophoclis
529 936 676 1001 Troilum
698 939 852 1002 tractavit
874 948 958 1003 teste
975 939 1121 1027 Hesych.
1146 963 1172 1004 s.
1195 963 1227 1004 v.
1250 939 1342 1004 ἐλαι·

228 1043 336 1122 οὗτοι,
355 1039 411 1104 ubi
434 1060 517 1126 quae
539 1037 697 1103 subicitur
719 1060 857 1104 censura
880 1040 1012 1124 βέλτιον
1036 1042 1076 1106 δέ
1093 1051 1204 1127 aperte
1223 1040 1266 1105 ad
1282 1040 1342 1104 Di·

228 1142 363 1228 dymum
392 1140 490 1205 lexici
518 1141 636 1224 tragici
670 1141 871 1204 conditorem
905 1142 1005 1225 redit,
1039 1144 1094 1229 qui
1120 1144 1153 1206 in
1176 1143 1343 1207 volumine

229 1244 325 1307 etiarn
354 1235 589 1327 ἀπορουμένης
618 1245 736 1322 λέξεως
760 1241 918 1329 inscripto
947 1267 967 1307 a
994 1244 1152 1328 magistro
1180 1245 1213 1306 in
1238 1242 1341 1328 expli-

227 1342 332 1406 cando
355 1342 534 1428 Sophocleo
565 1347 704 1432 quodam
731 1343 764 1405 in
790 1341 896 1408 Niobe
919 1354 951 1408 et
978 1344 1091 1408 Troilo
1112 1354 1262 1408 exstante
1284 1366 1341 1408 vo-

227 1442 344 1508 cabulo
375 1441 561 1528 δερμηστής
588 1445 783 1509 desciverat.
829 1443 882 1508 ef.
916 1444 1075 1530 Harpocr.
1103 1449 1160 1526 54,
1189 1447 1228 1506 25
1258 1443 1340 1508 Hes.

228 1568 255 1609 s.
277 1568 310 1609 v.
351 1547 450 1631 Apud
476 1546 679 1632 Hesychium
707 1567 733 1609 s.
753 1568 785 1608 v.
816 1543 1088 1632 σακοδερμηστής
1109 1544 1248 1610 recurrit
1266 1567 1341 1609 cen·

227 1664 304 1708 sura
332 1644 390 1708 illa
418 1647 552 1730 βέλτιον
586 1646 633 1712 δέ.
660 1687 701 1696 -
733 1647 787 1710 Ad
823 1645 993 1730 Sophoclis
1026 1645 1175 1732 Chrysen
1206 1647 1341 1731 respicit

227 1743 324 1808 docta
353 1746 538 1812 Aristarchi
567 1749 607 1813 de
636 1770 707 1812 voc.
739 1749 837 1831 κρέας
867 1747 1033 1812 adnotatio
1061 1769 1113 1833 ap.
1147 1745 1248 1811 schol.
1278 1747 1339 1811 Ar.

227 1844 311 1907 Ran.
336 1849 412 1929 191,
441 1870 505 1933 qua
526 1851 577 1914 usi
601 1860 676 1914 sunt
697 1850 776 1914 Hes.
797 1873 823 1914 s.
844 1873 875 1913 v.
910 1847 1004 1913 Phot.
1034 1853 1104 1931 117,
1127 1851 1164 1931 3,
1189 1847 1232 1912 cf.
1257 1847 1339 1912 Ger·

227 1943 319 2007 hard.
345 1944 385 2008 de
406 1948 597 2013 Aristarcho
619 1973 650 2035 p.
675 1953 725 2014 29.
756 1951 855 2033 Quid,
873 1949 960 2036 quod
978 1950 1116 2014 testibus
1138 1957 1179 2012 et.
1200 1971 1242 2012 m.
1266 1951 1338 2031 277,

228 2045 268 2106 53
290 2043 441 2110 Eustath.
460 2050 477 2125 ξ
493 2052 563 2129 974,
580 2055 609 2112 7.
631 2055 649 2111 9
672 2051 853 2137 Dionysius
875 2050 997 2132 Thrax,
1017 2072 1089 2115 eum
1110 2049 1339 2114 Aristarchum

227 2146 418 2228 magistrum
452 2151 682 2214 suavissimum
711 2154 877 2238 pingeret,
912 2152 946 2214 in
978 2162 1109 2238 pectore
1143 2152 1342 2237 exprimeret

226 2246 445 2330 tragoediam,
475 2251 563 2334 quod
588 2245 788 2334 ἆπεοτήθιζε
811 2253 922 2315 πᾶσαν
944 2255 1006 2336 τήν
1028 2254 1227 2340 τραγῳδίαν.
1272 2252 1340 2317 De-

227 2343 325 2428 nique
347 2348 541 2434 pervulgata
559 2351 672 2417 fabula
694 2363 764 2417 erat
784 2360 867 2416 teste
885 2353 1012 2418 Galeno
1034 2376 1146 2440 expos.
1169 2376 1241 2417 voc.
1258 2354 1340 2438 Hip-

146 2505 148 2511 .
226 2463 316 2529 pocr.
345 2466 376 2528 p.
400 2452 460 2513 494
489 2451 716 2517 Aristarchum
740 2452 881 2518 Bacchio
901 2454 1027 2519 medico
1051 2465 1083 2518 ct
1104 2453 1340 2541 lexicographo

228 2540 466 2612 multitudinem
500 2554 722 2642 exemplorum
760 2559 980 2640 congessisse,
1019 2576 1156 2642 quorum
1188 2555 1340 2642 plurima,

226 2642 275 2707 uti
303 2643 486 2728 fragments
511 2655 645 2721 Bacchii
672 2657 759 2742 apud
783 2656 974 2721 Erotianum
1000 2668 1131 2721 servata
1158 2657 1291 2739 docent,
1320 2681 1340 2722 e

227 2745 362 2829 tragicis
381 2750 577 2837 comicisque
596 2758 699 2843 poetis
720 2766 812 2820 eraut
832 2758 945 2844 petita.
988 2756 1040 2820 Ac
1058 2759 1248 2844 saepissime
1269 2760 1340 2844 qui-

229 2843 303 2908 dem
323 2846 559 2934 Aristophanes
580 2865 612 2917 et
632 2857 809 2944 Euripides
832 2859 1020 2923 afferuntur.

313 2947 383 3009 llos
406 2949 515 3033 igitur,
540 2954 652 3039 quiqui
670 2959 810 3041 fuerunt,
826 2970 954 3024 veteres
969 2960 1163 3045 interpretes
1186 2960 1340 3047 Sophocli

228 3045 368 3109 similem
389 3048 458 3112 lere
480 3059 577 3136 atque
591 3052 734 3118 Homero
756 3080 887 3146 operam
908 3062 1118 3147 impendisse,
1141 3066 1283 3149 vestigia
1304 3067 1340 3129 in

227 3145 360 3210 scholiis
381 3149 460 3210 satis
491 3159 581 3213 certa
605 3152 685 3216 mihi
707 3155 917 3240 deprendisse
940 3161 1064 3227 videor.
1110 3163 1231 3229 Verum
1252 3167 1340 3230 enim

226 3266 306 3308 vero
328 3245 385 3310 alii
414 3251 556 3332 margini
578 3251 772 3319 adleverunt
803 3271 894 3325 notas
924 3264 1068 3345 criticas,
1100 3264 1229 3329 obelum
1260 3262 1341 3350 τόχ

225 3344 339 3431 diplen
361 3347 566 3431 asteriscum,
587 3350 644 3415 alii
667 3355 797 3419 easdem
820 3359 1022 3447 interpretati
1043 3375 1131 3448 sunt,
1155 3375 1191 3430 ut
1212 3367 1339 3454 Diony-

227 3446 295 3512 sius
324 3447 437 3513 Thrax
470 3449 670 3517 Philoxenus
702 3456 908 3523 Aristonicus
936 3465 1118 3530 Aristarchi
1147 3478 1241 3531 notas
1270 3468 1339 3532 Ho-

226 3551 374 3615 mericae.
418 3550 528 3638 Atque
548 3554 571 3617 ii
594 3555 726 3640 quidem
748 3559 918 3645 Sophoclis
944 3562 1126 3632 fabularum
1148 3567 1227 3650 loci,
1255 3591 1338 3654 quos

225 3651 312 3714 notis
341 3662 551 3739 compunctos
575 3653 677 3720 fuisse
712 3660 836 3726 scholia
869 3672 981 3728 nostra
1015 3677 1071 3731 aut
1102 3669 1198 3733 editis
1226 3669 1339 3735 verbis

225 3753 452 3836 pronunciant,
475 3762 530 3817 aut
546 3763 631 3820 tecte
648 3759 842 3845 significant,
858 3765 1034 3830 maximam
1049 3778 1184 3855 partem,
1201 3771 1235 3834 id
1250 3774 1338 3856 quod

225 3850 509 3918 animadversione
538 3856 767 3939 dignissimum
796 3873 860 3946 est,
888 3865 935 3929 ita
968 3880 1043 3932 sunt
1076 3873 1268 3954 comparati,
1302 3883 1340 3938 ut

225 3972 339 4015 ansam
356 3953 566 4019 confodiendi
581 3956 801 4027 Aristarcheis
818 3965 1022 4048 potissimum
1049 3972 1270 4053 grammaticis
1289 3994 1340 4058 ae,

225 4050 288 4115 nisi
320 4054 507 4119 coniectura
540 4056 640 4142 fallit,
673 4062 736 4147 ipsi
763 4064 954 4130 Aristarcho
989 4069 1118 4134 dedisse
1153 4072 1338 4140 videantur.

224 4150 376 4239 Euripidi
397 4163 490 4220 notas
509 4158 640 4224 criticas
661 4163 726 4225 iarn
748 4165 985 4250 Aristophanes
1006 4168 1187 4254 Byzantius
1207 4174 1338 4238 adleve-

223 4260 286 4319 rat.
308 4252 655 4347 Vid.sch01.Hipp01.
679 4285 711 4328 v.
732 4267 801 4330 179.
832 4265 985 4334 Ceterum
1006 4269 1217 4340 Aristarchus
1242 4276 1342 4342 etiam
