2964 5010
1207 405 1248 464 47

137 564 191 633 ὅτι
226 568 333 631 ἐνίοτε
363 564 516 650 σημαίνει
548 565 603 632 καὶ
634 564 671 631 τὸ
701 569 901 648 φροντίζειν.
945 555 1136 648 Ἡρακλέων
1168 567 1248 657 δὲ’),
1291 564 1294 574 ’

141 665 442 753 καταμεμψάμενος
464 667 682 751 Λυκόφρονα,
704 667 809 752 φησὶν
830 663 914 732 εἶναι
932 664 969 732 τὸ
992 669 1199 752 ἐπιστρεφῶς
1219 694 1251 736 τι

140 771 300 851 πράττειν
317 764 338 854 ή
358 771 518 855 ἐνεργεῖν.
539 770 594 835 xci
613 765 853 854 Ἀρτεμίδωρος
876 770 966 856 (add.
980 767 1031 856 δὲ)
1051 766 1088 835 to*
1109 777 1250 854 φροντί-

212 962 237 1027 1)
253 962 327 1013 Idem
344 963 478 1014 Heracleo
498 965 537 1014 aie
552 963 670 1030 Didymo
689 963 780 1014 eociuc
799 962 957 1028 adiungitur
977 978 1021 1028 ap.
1039 964 1173 1028 Harpocr.
1194 965 1251 1027 124,

143 1049 173 1099 17
200 1050 379 1114 ματρυλεῖου.
421 1053 525 1102 Tamen
550 1052 697 1118 Didymum
723 1053 750 1100 in
773 1051 861 1102 lexico
881 1053 984 1101 comico
1010 1051 1062 1102 hoc
1084 1051 1252 1102 Heracleone

57 1156 59 1159 ·
140 1151 216 1186 usum
241 1153 301 1187 esec
325 1138 431 1190 diffido.
467 1139 563 1205 Neque
587 1140 657 1189 enim
681 1139 709 1188 in
733 1138 873 1204 Hesychio
892 1139 921 1188 11
941 1138 1008 1190 1370
1027 1129 1150 1197 τευτάζει
1167 1138 1253 1189 Hera·

139 1221 240 1273 eleonis
259 1224 385 1275 vocabuli
404 1226 595 1291 interpretatio
609 1231 747 1291 comparet
761 1226 878 1290 adiecta,
899 1241 986 1291 neque
1002 1242 1024 1276 a.
1040 1242 1067 1276 v.
1082 1223 1253 1290 ματρυλεῖον

137 1311 256 1377 vestigia
280 1328 340 1362 eum
366 1312 544 1363 Heracleonia
573 1312 674 1380 legisse
704 1329 736 1363 ex
759 1313 899 1378 Hesychio
927 1312 983 1362 ulla
1012 1317 1072 1362 arte
1095 1309 1252 1361 concludas.

136 1397 235 1464 Itaque
259 1415 321 1450 cum
342 1400 371 1449 iu
395 1401 534 1466 Hesychio
558 1400 632 1451 haud
659 1416 720 1451 raro
745 1400 924 1452 Heracleonia
948 1401 1050 1451 mentio
1072 1399 1202 1450 inIciatur
1218 1390 1253 1436 -’-

137 1486 255 1552 quinque
273 1487 345 1538 enirn
362 1488 391 1537 in
409 1487 476 1539 locis
494 1504 593 1539 nemen
612 1489 749 1540 adiectum
766 1487 867 1554 legitur
885 1486 899 1536 1
916 1487 969 1538 824
985 1484 1104 1552 χεφυρίς
1130 1485 1189 1551 (uhi
1206 1474 1253 1536 ἆλ-

136 1572 180 1622 λοι
192 1573 382 1640 opponuutur)
402 1574 431 1626 11
446 1575 513 1626 1352
528 1567 672 1640 τανληρόν
684 1574 794 1626 Π1356
812 1564 964 1636 τεθήσεται
981 1572 1092 1624 111385
1107 1563 1253 1640 τιχγαβιὶρι

136 1659 247 1712 111423
264 1656 419 1726 τριχθοίδες
437 1660 496 1726 (ubi
514 1662 575 1727 ipse
592 1661 706 1712 alteriue
724 1660 889 1711 sententiam
904 1660 1017 1725 refutat)
1031 1687 1065 1696 -
1082 1664 1109 1709 et
1122 1659 1254 1726 quidquid

136 1747 209 1810 apud
231 1747 402 1798 Athenaeum
429 1765 462 1798 ex
486 1747 666 1798 Heracleonie
693 1747 805 1812 Ephesii
823 1746 922 1812 glossis
940 1745 1052 1812 legitur,
1076 1746 1150 1811 apud
1166 1746 1254 1812 Hesy-

137 1831 228 1882 chium
246 1848 354 1899 qnoque
372 1836 558 1901 conspiciatur
577 1832 642 1898 (vid.
662 1835 693 1884 F.
714 1834 803 1885 Rank.
820 1832 838 1883 1.
858 1850 882 1885 c.
901 1851 927 1900 p.
950 1835 995 1885 111
1017 1835 1087 1900 οφ),
1107 1839 1180 1884 certe
1199 1849 1253 1884 non

136 1919 274 1986 integrum
294 1921 411 1986 videtur,
427 1928 458 1973 ut
476 1938 510 1973 ea
528 1936 643 1987 quoquc,
662 1936 732 1986 quae
749 1920 847 1970 Photio
866 1925 893 1969 et
907 1921 1124 1985 Harpocratione
1135 1922 1253 1973 tectibus

135 2006 272 2058 Heracleo
295 2006 395 2073 aliquia
419 2008 453 2059 de
475 2025 522 2060 vv.
547 1999 686 2066 τεντοίζειν
709 2012 736 2056 et
752 2005 922 2070 ματρυλεῖον
940 2015 1138 2061 commentetur
1156 2014 1199 2060 eat
1217 2008 1253 2061 ad

134 2094 249 2159 Ephesii
273 2088 362 2156 λέξεις
385 2094 551 2158 referamus,
576 2107 740 2159 quamquam
758 2108 791 2143 ea
809 2094 844 2144 ah
860 2097 996 2162 Aegyptio
1014 2098 1174 2163 cognomine
1192 2113 1253 2162 pro-

135 2180 209 2230 secta
232 2196 292 2230 cece
315 2196 370 2231 non
388 2181 511 2231 dixerim.
548 2179 728 2230 Verisimiliua
750 2187 793 2231 eat
810 2187 953 2250 utramque
969 2186 1134 2236 sententiam
1152 2187 1180 2234 in
1199 2186 1252 2236 ain·

135 2265 275 2331 gularihue
300 2266 461 2333 quibusdam
484 2266 661 2317 Heracleonia
686 2268 798 2332 Ephesii
826 2269 903 2319 libris
926 2273 1078 2337 expositam
1099 2274 1194 2324 fuiaee.
1218 2299 1251 2309 -

135 2353 260 2403 Ceterum
280 2354 313 2404 de
328 2355 365 2404 Η.
384 2354 521 2420 Aegyptio
540 2353 598 2402 aive
617 2352 765 2416 Tilotenoi,
786 2355 874 2420 quode
893 2357 1033 2422 complura
1050 2365 1189 2424 comperta
1206 2358 1251 2408 he·

136 2439 239 2503 hemue,
257 2440 294 2491 cf.
313 2441 418 2506 Spitzn.
438 2439 472 2489 ad
490 2439 524 2490 11.
539 2439 604 2489 XVI
621 2439 682 2491 223.
704 2438 790 2491 Meier
804 2458 901 2494 comm.
920 2445 1041 2497 Andocc.
1061 2447 1100 2495 VI
1118 2448 1134 2496 2
1152 2462 1179 2510 p.
1198 2444 1252 2494 XII

137 2526 207 2575 XIII
225 2532 282 2576 not.
300 2527 358 2592 100,
379 2543 396 2577 a
413 2543 466 2593 quo
482 2527 585 2577 orniasa
602 2528 759 2577 testimonia
776 2534 900 2578 veterum
918 2530 988 2580 adde
1004 2532 1042 2580 eia
1056 2533 1137 2582 haec:
1158 2529 1252 2594 Steph.

138 2612 205 2676 Bya.
226 2613 268 2675 11,
290 2615 334 2666 34.
353 2616 395 2678 75,
416 2617 459 2665 24.
480 2614 538 2676 171,
558 2616 584 2663 4.
603 2615 647 2675 52,
666 2613 710 2665 30.
736 2614 828 2665 Schol.
847 2613 938 2679 Apoll.
956 2617 970 2666 I
989 2617 1152 2668 70011137
1173 2615 1254 2680 (unde

137 2699 401 2752 Antiarietarcheum
419 2700 654 2767 deprehendimus)
676 2704 714 2751 et.
733 2716 769 2751 m.
785 2703 847 2763 421,
863 2700 912 2763 53,
930 2703 979 2752 ubi
999 2703 1144 2753 lectionem
1162 2701 1256 2766 depra-

136 2785 306 2836 ratissimam
318 2778 479 2853 Ἡρακλέων
504 2778 628 2844 ἐνοδίοις
654 2784 701 2851 (cf,
720 2792 756 2838 et.
777 2788 847 2839 (iud.
866 2787 931 2853 334,
958 2790 989 2840 12
1016 2779 1197 2854 Ἀνδρονίιιου
1216 2780 1256 2844 είς

138 2862 170 2920 τὸ
192 2864 243 2931 δὸς
257 2875 304 2924 uhi
319 2876 451 2927 Beccard.
471 2874 489 2924 1.
509 2875 528 2925 1.
548 2891 575 2939 p.
594 2875 627 2925 21
647 2873 715 2940 legit
730 2863 920 2939 Ἀριστονίιιον
938 2869 978 2934 είς
996 2869 1028 2926 τὸ
1050 2876 1075 2940 ᾧ
1094 2865 1254 2932 ὄδυσσείας,

136 2959 182 3010 W.
193 2961 324 3013 Ribbeck,
344 2963 415 3014 male
434 2963 467 3013 de
485 2962 588 3013 Zenod.
609 2979 636 3027 p.
655 2961 681 3013 3.
703 2960 764 3012 coil.
783 2963 847 3014 Ath.
866 2964 958 3016 5341).
978 2958 1018 3022 είς
1033 2955 1101 3023 τούς
1115 2954 1254 3028 Ἀνδρονί-

136 3060 191 3096 ιιου
218 3036 380 3117 ἐπιγόνους)
404 3054 579 3116 perornatum
598 3064 644 3100 eae
664 3050 703 3100 eie
721 3065 824 3100 mecum
844 3052 1026 3102 emendando:
1044 3041 1206 3116 Ἡρακλέων
1225 3041 1255 3100 ἐν
1284 3062 1285 3065 ’

136 3150 154 3183 ν
173 3133 224 3197 (oc,
242 3125 438 3203 ὑπομνήματι)
451 3126 628 3196 Ὀδυσσείας,
648 3144 812 3204 quamquem
829 3141 930 3203 nescio,
950 3155 1020 3206 quac
1039 3139 1149 3190 tendam
1167 3140 1253 3189 Hera·

136 3219 240 3272 ciconio
267 3224 369 3276 scholia
394 3225 491 3277 innuat
516 3224 637 3277 Gataher
661 3225 697 3276 ad
719 3227 819 3276 Antun.
842 3244 869 3292 p.
890 3228 940 3280 103
966 3227 1019 3279 οοΙ.
1039 3229 1063 3289 1,
1078 3227 1121 3279 31.
1159 3226 1253 3290 Neque

137 3307 290 3359 audiendua
310 3310 458 3377 Sopingiuo
476 3318 532 3375 est,
550 3313 608 3376 cui,
630 3328 690 3362 cum
708 3312 883 3364 Euetathium
900 3330 927 3379 p.
948 3314 1014 3377 210,
1034 3313 1068 3366 30
1086 3311 1152 3377 (vid.
1169 3312 1255 3362 hIeier

135 3394 155 3446 1,
176 3412 201 3448 c.
220 3397 259 3446 VI
274 3412 303 3462 p.
321 3398 366 3465 35)
385 3398 491 3450 videret
508 3396 588 3449 toxici
606 3399 747 3449 cuiusdam
764 3399 892 3451 rhetorici
910 3402 1021 3464 veteris,
1039 3401 1126 3452 tacito
1144 3399 1252 3450 nominc

137 3483 272 3545 auctoris,
296 3484 392 3536 iisdem
410 3487 467 3537 fere
483 3487 587 3547 verbis,
615 3485 713 3551 quibua
730 3487 885 3553 Hesychius
903 3488 989 3538 utitur
1008 3503 1031 3539 ε.
1049 3504 1076 3537 τ.
1096 3476 1252 3552 τιχμαβοὶρι,

135 3571 305 3634 meminisse,
327 3572 460 3623 Heracleo
485 3574 564 3623 iatius
587 3571 666 3624 Ierici
689 3574 814 3624 conditor
839 3590 899 3624 esee
917 3575 1034 3625 videtur.
1072 3574 1170 3625 Suides
1188 3571 1253 3639 quid

137 3657 190 3706 sibi
212 3658 329 3708 volucrit
352 3658 381 3708 II
405 3659 418 3708 l
442 3674 469 3722 p.
490 3659 539 3710 507
578 3660 731 3724 Λογχῖνοςε
752 3689 786 3698 -
811 3656 897 3722 λέξεις
916 3653 1081 3726 Ἀντιμάχου
1101 3655 1149 3708 καὶ
1168 3652 1254 3723 Ἠρα-

136 3738 259 3803 ιιλίωνος
273 3743 347 3795 haud
364 3743 446 3795 facile
464 3745 573 3797 dixeris.
603 3747 761 3813 Lungbacn.
781 3741 921 3810 Κλέωνος,
939 3746 1162 3797 Hemeterhuaiuo
1181 3736 1254 3793 καθ’

129 3820 338 3894 Ἡρακλέωνος,
357 3833 393 3883 D.
412 3832 589 3884 Ruhnkeniue
609 3832 675 3881 nihil
694 3838 792 3882 mutat.
822 3832 956 3896 Equidem
973 3830 1175 3880 Hemeterhurii
1193 3847 1255 3882 con-

134 3917 268 3968 iecturam
285 3908 359 3968 καθ’
378 3912 580 3984 Ηρακλέωνος,
598 3919 781 3967 necessariam
800 3932 914 3978 censeo,
935 3916 1019 3965 verbu
1036 3922 1141 3982 tamen,
1161 3918 1255 3983 procui

136 4005 220 4061 dnbio
239 4022 288 4057 auo
306 4006 366 4058 loco
388 4011 476 4069 mota,
500 4004 726 4056 antecedentibus
748 3997 850 4063 λέξεων
870 3994 895 4050 δ’
913 4003 1058 4052 adnectere
1076 4001 1182 4067 malim,
1201 4006 1255 4054 niai

139 4099 263 4159 praestat
285 4095 444 4158 intellegere
469 4086 556 4153 λέξεις
573 4080 737 4155 Ἀντιμάχου
761 4090 780 4141 ἰ.
800 4106 824 4141 e.
843 4089 974 4141 lectiones
993 4090 1027 4141 ab
1046 4090 1209 4142 AntImacho
1227 4093 1254 4142 in

134 4179 254 4231 editione
278 4181 390 4232 Homeri
408 4179 557 4238 admissae,
583 4177 616 4227 de
639 4178 737 4243 quihus
763 4177 880 4229 fortasse
898 4178 1030 4228 tractarit
1048 4175 1183 4227 Heracleo
1203 4177 1250 4242 (ci.

135 4265 222 4317 schol.
242 4269 299 4318 BL.
320 4268 354 4318 Il.
373 4268 395 4316 A
412 4268 464 4319 208
481 4256 656 4331 μαχήσομαι)
681 4265 866 4316 adversarium
885 4271 982 4316 nactus
1003 4265 1168 4331 LongInnm.
1204 4266 1252 4318 Ce-

135 4348 224 4403 terum
248 4354 276 4403 in
300 4354 394 4405 eodem
418 4354 520 4405 Suidae
542 4354 602 4404 loco
624 4370 673 4418 pro
698 4344 770 4404 ιιατίι
793 4351 908 4416 φειδίου
927 4368 1090 4419 quamquam
1109 4354 1252 4405 Ruhnken.
