2948 5024
225 394 266 455 92

225 560 399 632 fluctuasse
429 563 514 626 inter
541 556 702 645 προῦχοιο
728 571 760 626 et
782 558 938 645 πρόχοιο;
959 574 1132 652 utrumque
1154 564 1253 630 habet
1275 565 1340 629 He·

226 664 317 750 sych.
337 663 371 726 ΙΙ
397 667 487 727 1061.
520 668 611 730 1064.
640 666 856 751 Comparasse
875 665 1001 730 iuvabit
1023 668 1120 730 etiam
1143 667 1289 755 Hesych.
1313 688 1339 732 s.

226 792 280 832 vv.
302 767 477 853 βυσαύχην
498 764 585 854 (coll.
599 765 682 830 Poll.
695 765 729 829 ΙΙ
749 767 822 852 135)
839 767 1074 850 μεοαυχέναςί)
1111 768 1339 851 μεσοαυχέυας

226 879 258 933 et
275 870 477 952 δεοαυχέυας
499 867 586 954 (coll.
611 867 705 931 Phot.
730 870 800 950 259,
826 869 890 954 13).
936 868 1082 933 Transeo
1104 869 1147 933 ad
1170 869 1270 934 schol.
1295 869 1337 933 ad

226 971 278 1036 El.
302 976 359 1036 151
393 967 578 1053 ἀλιπαρῆ
601 972 730 1053 τρίχα·
772 973 968 1053 περιπαθῶς
990 969 1052 1054 μὲν
1074 967 1111 1036 τὸ
1134 975 1193 1054 τῆς
1211 975 1336 1049 πενίας.

227 1073 264 1139 τὸ
287 1070 324 1139 δὲ
345 1069 533 1157 ἀλιπαρῆ
555 1065 630 1137 ἀντὶ
653 1076 714 1136 τοῦ
732 1066 919 1155 αὑχμηράν.
943 1073 981 1138 ἐν
996 1072 1032 1138 δὲ
1045 1078 1091 1162 τῷ
1105 1068 1339 1157 ὑπομνήματι·

226 1180 396 1261 λιπαρῆ,
424 1171 444 1241 ὅ
467 1175 572 1259 ἐστιν,
598 1174 630 1252 ἐξ
650 1163 689 1257 ής
717 1169 823 1239 αὑτὸν
844 1172 1085 1260 λιπαρήσομεν,
1108 1170 1153 1253 ὡς
1177 1178 1207 1240 εἰ
1223 1178 1339 1258 ἔλεγεν

226 1279 330 1344 λιιέιιν
351 1284 454 1362 τρίχα.
483 1278 628 1343 Evolvas
646 1277 867 1363 Hesychium!
899 1302 938 1342 en
961 1278 1022 1343 tibi
1041 1279 1137 1344 lectio
1159 1277 1217 1342 illa
1238 1278 1340 1344 dubia
1372 1269 1375 1274 ’

227 1377 423 1464 ἀλιπαρῆ·
461 1374 653 1462 αὑχμῆράν,
681 1401 778 1466 quam
804 1389 913 1444 tuetur
936 1381 974 1445 T.
996 1380 1132 1463 lohmo,
1164 1379 1339 1467 repudiant

227 1483 356 1549 Schaef.
378 1483 452 1548 mel.
476 1483 547 1547 crit.
564 1505 595 1569 p.
617 1483 676 1546 129
699 1482 841 1547 Passow.
866 1482 929 1548 lex.
951 1482 1009 1548 Gr.
1030 1482 1047 1545 I
1065 1506 1097 1569 p.
1123 1487 1174 1565 84,
1196 1480 1225 1545 Ι.
1242 1481 1340 1547 Rich-

225 1596 315 1650 terus
344 1587 385 1651 de
405 1583 564 1672 Aeschyli
589 1583 759 1671 Sophoclis
789 1585 956 1672 Euripidis
981 1583 1214 1672 interpretibus
1237 1583 1341 1649 Grae·

228 1689 274 1753 cis
296 1711 328 1774 p.
353 1689 393 1751 29
422 1688 508 1750 inter
531 1708 586 1750 eas
609 1685 758 1750 lectionis
782 1688 957 1750 varietates
979 1694 1141 1767 recenset,
1171 1708 1254 1774 quae
1275 1685 1338 1772 ipsi

227 1813 244 1854 c
269 1790 355 1854 mala
376 1798 521 1854 actorum
542 1786 792 1852 librariorumve
814 1787 987 1853 sedulitate
1014 1796 1147 1852 exortae
1174 1788 1338 1853 videntur.

229 1891 317 1973 Quid
342 1891 467 1976 igitur?
498 1890 666 1954 Iccirconc
695 1890 832 1976 Didymi
862 1890 1129 1954 commentarium
1161 1889 1339 1975 significari

228 1995 261 2059 in
302 1990 514 2080 sequentibus
553 1990 591 2055 ἐν
622 1987 658 2056 δὲ
689 1995 734 2079 τῷ
771 1986 985 2075 ὑπομνήματι
1027 2011 1091 2054 non
1129 1990 1340 2078 putabimus?

229 2096 453 2163 Credamusne
474 2093 525 2156 Pii
552 2093 645 2156 innui
671 2094 939 2157 commentarium
965 2092 1076 2157 nescio
1102 2114 1215 2180 quom,
1246 2104 1283 2158 ut
1304 2093 1343 2159 ἐν

229 2195 265 2263 δὲ
288 2200 335 2283 τῷ
357 2188 572 2277 ὑπομνήματι
594 2195 664 2259 fere
686 2194 772 2266 idem
795 2193 904 2259 valeat
924 2200 1022 2282 atque
1042 2192 1080 2257 ἐν
1098 2191 1135 2258 dl
1153 2197 1201 2282 τῷ
1214 2199 1237 2279 β
1252 2189 1341 2261 ὑπο-

228 2294 385 2382 μνήματι,
408 2305 440 2360 et
460 2297 579 2384 opponi
604 2294 792 2381 Didymeo‘?
816 2293 937 2359 Gravis
960 2293 1014 2359 hic
1035 2294 1120 2359 foret
1141 2318 1242 2361 error.
1268 2296 1341 2362 Hoc

229 2403 315 2466 enirn
332 2399 496 2484 significat
511 2407 682 2463 accuratus
700 2399 861 2484 interpres
878 2395 949 2479 La,
973 2397 1028 2484 qui
1046 2397 1108 2462 hoc
1119 2420 1246 2485 quoque
1258 2398 1340 2480 loco,

228 2514 264 2569 ut
281 2523 380 2588 supra
395 2500 438 2566 ad
455 2500 572 2565 Trach.
592 2503 668 2565 1161
695 2500 816 2564 factum
835 2500 992 2581 vidimus,
1015 2508 1187 2589 utrumque
1205 2501 1342 2589 Didymi

229 2627 309 2694 opus
335 2603 512 2685 consuluit,
537 2603 716 2690 Didymum
739 2603 773 2666 in
797 2602 902 2667 lexico
925 2623 983 2665 suo
1007 2601 1124 2666 afferre
1145 2603 1276 2690 quidem
1296 2612 1341 2667 at·
1417 2638 1421 2643 <

230 2731 293 2796 que
316 2728 478 2794 exponere
500 2706 674 2771 lectionem
696 2699 859 2787 ἀλιπαρῆ,
890 2705 925 2767 in
943 2706 1173 2769 commentario
1196 2728 1274 2770 vero
1297 2705 1342 2770 al·

230 2819 332 2874 teram
361 2811 485 2891 λιπαρῆ
514 2808 733 2896 interpretari.
778 2806 895 2893 Falsus
921 2808 1022 2892 igitur
1044 2815 1093 2870 est
1114 2806 1260 2871 Ritterus
1283 2807 1342 2887 Di-

231 2909 319 2997 dym.
352 2931 384 2995 p.
405 2912 445 2973 39
475 2909 634 2973 adnotans
670 2903 837 2991 ‘clitumni
864 2907 1031 2993 vulgatam
1063 2930 1135 2972 esse
1172 2907 1344 2974 lectionem

231 3028 367 3093 eamque
396 3009 538 3093 primurn
567 3008 741 3094 explicari,
773 3007 892 3072 deinde
918 3029 977 3093 pro
995 3009 1059 3072 crri
1081 3007 1219 3095 Didymi
1240 3009 1343 3096 ipsius

230 3116 430 3175 coniecturam
462 3108 551 3191 [sicil
581 3114 735 3193 λιπαρῆ.’
780 3109 868 3174 Hinc
897 3111 958 3174 sim
1016 3110 1122 3175 lucem
1145 3112 1344 3175 nanciscitur

233 3209 334 3276 schol.
354 3209 405 3274 El.
427 3213 499 3293 488,
520 3210 578 3275 ubi
600 3234 785 3298 repugnare
807 3210 938 3276 sibimet
954 3213 1017 3298 ipsi
1033 3213 1344 3299 hypomnematistes

232 3314 371 3378 videtur.
396 3312 555 3378 Nimirum
574 3313 739 3402 Didymus
756 3315 789 3378 in
804 3315 1036 3379 commentario
1053 3314 1218 3391 πολὺπαις
1234 3314 1343 3379 lectio·

232 3440 306 3482 nem
327 3415 504 3503 adoptavit,
525 3417 558 3480 in
581 3417 689 3483 lexico
710 3418 835 3502 tragico
857 3437 952 3499 vero,
974 3438 1038 3504 quo
1060 3415 1092 3480 b.
1115 3416 1136 3480 l.
1158 3415 1344 3502 Hesychius

232 3540 309 3583 usus
337 3527 487 3600 nonest,
519 3518 660 3583 fortasse
686 3519 726 3583 de
749 3514 924 3594 πολύπους
953 3518 1142 3605 disputavit.
1185 3517 1345 3583 Geminus

232 3621 302 3685 sere
324 3619 414 3684 locus
438 3621 532 3684 etiam
558 3621 676 3705 legitur
697 3622 731 3684 in
755 3617 856 3683 schol.
879 3618 922 3684 ad
936 3619 996 3684 Ar.
1018 3618 1105 3683 Plut.
1132 3621 1212 3683 1037
1234 3617 1343 3683 Bekk.

317 3722 392 3803 Qua
408 3727 443 3787 in
467 3723 694 3810 disquisitione
717 3742 822 3807 neque
841 3719 902 3785 hoc
924 3721 1056 3807 neglegi
1075 3721 1182 3803 debet,
1205 3720 1292 3808 quod
1311 3721 1345 3783 in
1375 3732 1382 3740 '

233 3824 399 3913 Hesychia
424 3847 442 3888 e
467 3826 570 3912 poetis
597 3831 630 3888 et
657 3823 790 3887 comicis
820 3831 853 3886 ct
878 3822 1013 3908 tragicis
1042 3821 1212 3887 dumtaxat
1234 3844 1345 3887 eorum

232 3928 302 3993 fere
324 3927 454 4012 glossae
476 3926 692 4013 explicantur,
716 3947 796 4013 quos
819 3925 916 3989 ctiam
939 3925 1180 3989 commentariis
1204 3924 1345 3989 illustra-

302 4167 328 4232 1)
347 4169 380 4218 L.
401 4183 424 4218 ο.
445 4182 493 4232 pro
513 4159 750 4232 ἔνιοι-γράφεται
764 4167 825 4234 lege
843 4162 873 4217 ἔν
887 4181 943 4218 tros
961 4184 1000 4219 sc.
1020 4158 1217 4231 ἀντιγράφοις.
1256 4166 1347 4216 Verba

231 4247 404 4319 μιοαυχένας
424 4253 428 4319 Ι
449 4247 552 4311 νέκυας
576 4244 704 4312 ἀοοάιους
730 4269 818 4320 neque
840 4257 912 4320 ipse,
939 4270 1027 4321 neque
1043 4254 1216 4319 Bergleinum
1235 4258 1345 4303 secutus

231 4339 451 4393 Schneidewinus
466 4346 614 4392 attrectare
626 4342 802 4393 debebamus.
