2962 5024
238 336 311 441 ιιι

237 539 300 627 τὴν
326 543 529 625 Τριτωνίδα·
561 535 645 607 ἀλλὰ
669 544 798 624 μᾶλλον
823 534 868 619 ὡς
891 534 947 605 διὰ
969 543 1032 605 τοῦ
1054 537 1203 618 Φάσιδος
1226 543 1275 619 είς
1293 539 1359 607 τόν

237 637 400 709 Ὠκεανὸν
422 641 694 709 ἐκπεπτωκότων.

161 735 163 741 ¹
323 746 462 811 Videtur
496 747 596 830 igitur
623 754 772 809 veterum
805 744 925 830 aliquis
957 744 1242 827 grammaticorum
1279 745 1359 808 huic

238 849 349 913 versui
370 856 480 911 notam
503 847 668 912 adleviase
689 847 836 909 criticam
860 867 888 907 e.
912 867 944 928 g.
967 842 1004 907 τό
1027 868 1062 926 χ,
1084 839 1135 907 ὅτι
1156 840 1240 927 πρὸς
1264 843 1360 910 εἰδό-

239 974 297 1026 τας
319 949 406 1031 λέγει
427 942 448 1031 ἡ
470 946 622 1031 Μηδεια;
649 947 842 1034 patrocinati
861 954 977 1031 poetae
1000 945 1056 1008 alii
1077 956 1168 1028 sunt,
1195 947 1358 1033 equibus

240 1052 434 1117 Amffl0nius
461 1049 612 1113 Medeam
633 1048 811 1112 arbitratur
831 1047 942 1130 Argus
968 1046 1111 1110 humeris
1132 1056 1247 1111 vectae
1266 1071 1358 1111 men-

238 1139 361 1217 tionem
382 1151 502 1215 fecisse
514 1172 552 1214 eo
573 1147 719 1230 consilio,
743 1155 780 1210 ut
801 1168 877 1210 suas
889 1145 1000 1234 'ipsius
1018 1147 1132 1212 laudes
1148 1147 1358 1212 concelebra—

240 1263 300 1335 ret,
323 1252 489 1337 Didymus
511 1271 590 1315 verc
612 1258 742 1336 poetam
764 1247 845 1311 haec
865 1249 1043 1313 inseruisse
1062 1258 1216 1331 autumat,
1238 1258 1277 1313 ut
1298 1272 1357 1312 nc-

239 1355 292 1419 bis
321 1363 467 1417 monstra
495 1352 691 1438 loqueretur.
738 1349 891 1415 Ceterum
918 1352 1113 1416 Ammonius
1141 1350 1356 1439 Apollcuium

240 1454 403 1518 Rhodium
434 1463 467 1517 et
494 1453 702 1536 Timagetum
726 1454 761 1515 in
783 1452 799 1514 I
823 1452 863 1516 de
886 1453 1043 1538 portubus
1066 1452 1181 1539 (schol.
1200 1454 1266 1537 Ap.
1289 1451 1356 1515 Rh.

240 1554 289 1620 IV
310 1555 386 1641 259)
415 1555 577 1640 sequitur,
613 1574 712 1640 quam
739 1552 780 1617 ob
808 1574 877 1616 rem
904 1553 980 1617 inde
1005 1575 1025 1615 a
1053 1553 1164 1617 verbis
1190 1555 1289 1616 τοῦτο
1317 1551 1355 1615 δὲ

239 1655 399 1732 ἐναντίον,
426 1655 587 1720 refutatur
620 1677 640 1719 a
669 1655 814 1741 Didymo
842 1655 1025 1719 Hesiodum
1054 1655 1286 1718 Antimachum
1321 1655 1356 1716 in
1387 1697 1396 1711 .

238 1757 333 1844 Lyde
363 1765 395 1820 et
424 1757 625 1820 Hecataeum
654 1756 818 1820 Milesium
849 1765 946 1842 atquc
972 1757 1079 1842 ipsum
1109 1756 1249 1841 denique
1277 1755 1356 1817 Pin·

241 1856 356 1920 darum
380 1865 502 1921 secuto.

771 2010 822 2071 24.

325 2123 406 2188 ibid.
424 2128 486 2188 446
509 2126 662 2189 Πελίαο
685 2122 836 2207 φόνον·
859 2119 877 2188 ὁ
896 2130 1013 2207 Χαῖρις
1035 2120 1078 2190 οό
1094 2124 1251 2211 βούλεται
1267 2144 1355 2191 συν-

242 2225 350 2301 θέτως
372 2218 641 2306 ἀναγιγνώσκειν
662 2219 699 2289 τό
723 2228 878 2290 Πελίαο
899 2224 1041 2308 φόνον.
1064 2225 1101 2290 ἐκ
1124 2223 1188 2309 γὰρ
1212 2224 1275 2291 δόο
1298 2250 1354 2291 τε-

241 2330 341 2392 λείων
365 2326 432 2391 ἐστὶ
455 2331 518 2390 τοῦ
538 2331 662 2393 Πελίαο
683 2327 738 2392 καλ
760 2331 822 2392 τοῦ
841 2325 961 2410 φόνον.
1007 2331 1132 2410 γίνεται
1155 2327 1192 2393 δὲ
1214 2328 1354 2411 τοιαύτη

242 2425 421 2513 σύνθεσις,
450 2423 495 2506 ὦς
522 2428 790 2514 μεταβάλλεσθαι
813 2424 873 2494 τὸν
891 2426 1004 2494 τόνον.
1047 2424 1121 2513 ἤτοι
1143 2421 1224 2514 οὖν,
1248 2433 1356 2514 φησίν

239 2523 258 2594 ὁ
287 2531 491 2615 Δίδυμος,
525 2533 768 2615 προσενεκτέον
799 2528 861 2596 τάν
885 2528 1138 2615 Πελιαοφονόν,
1172 2527 1354 2619 ὀξυτόνως,

240 2623 287 2694 ἵν’
318 2620 341 2717 ᾗ
368 2629 594 2717 φονευτικήν,
626 2625 647 2715 η’
677 2629 931 2716 παροξυτόνως,
965 2629 1037 2716 ἥτις
1062 2623 1106 2716 ἦν
1134 2637 1196 2699 τοῦ
1226 2639 1355 2701 Πελίου

241 2729 358 2814 φόνος.
382 2734 530 2818 Gotting.

326 2832 506 2898 Verissima
536 2835 707 2901 Chaeridis
738 2836 940 2917 emendati03
973 2837 1093 2899 rectius
1127 2860 1222 2921 vero,
1255 2861 1354 2925 quam

242 2933 421 3020 Didymus,
445 2935 662 3020 Πελιαφόνον
685 2938 837 3000 accinunt
860 2937 954 3003 codd.
979 2938 1119 3003 Gqud.

770 3107 822 3170 25.

327 3218 407 3283 ibid.
427 3222 489 3282 454
511 3245 542 3307 p.
565 3224 627 3285 372
659 3224 862 3305 διαποροῦσι
889 3225 942 3308 δέ,
973 3220 1029 3289 διὰ
1048 3227 1082 3290 τί
1099 3221 1207 3309 μόνον
1230 3219 1355 3309 Εὐφή-

241 3341 309 3403 μου
342 3318 565 3404 μνημονεύει,
611 3328 746 3388 πολλῶν
780 3335 851 3402 ταῖς
884 3330 1048 3408 Λημνίαις
1082 3324 1351 3408 πλησιασάντων.

242 3420 412 3487 ἑπιλύεται
436 3417 473 3485 δὲ
495 3416 512 3486 ὁ
536 3425 724 3507 Δίδυμος
746 3425 898 3508 φάσκων,
921 3420 972 3491 ότι
996 3421 1062 3491 ἆπδ
1081 3421 1251 3510 Εὐφήμου
1271 3425 1354 3491 τού-

239 3544 302 3585 του
324 3520 456 3604 έγένετό
477 3547 526 3599 τις
548 3525 603 3588 καί
625 3524 738 3607 ἕτερος
753 3520 917 3609 Εὔφημος
937 3522 1045 3592 όσύν
1061 3524 1176 3614 Βάττῳ
1196 3524 1258 3609 τὴν
1278 3533 1354 3592 Κυ-

240 3619 348 3706 ρήνην
368 3627 497 3708 κτίσας,
518 3618 560 3689 δν
581 3623 637 3691 διὰ
656 3624 718 3710 τὴν
737 3622 935 3711 ὁμωνυμίαν
957 3623 1017 3692 ἀπ’
1040 3628 1172 3693 ἐκείνου
1194 3652 1243 3704 τις
1264 3623 1353 3693 ὑπο-

241 3720 418 3790 τοπασειεν
439 3720 534 3791 εἶναι.

771 3865 821 3929 26.

326 3976 423 4061 Pyth.
448 3983 479 4042 E
500 3984 540 4044 76
557 4002 589 4065 p.
614 3983 672 4067 le
704 3979 835 4045 ἐκεῖνον
863 3978 900 4045 δὲ
925 3977 986 4046 τόν
1009 3980 1138 4047 Βάττον
1160 3983 1216 4048 καὶ
1239 3984 1273 4047 οί
1291 4007 1351 4066 χα-

243 4075 337 4140 λεποὶ
359 4078 490 4155 λέοντες
518 4084 576 4163 τῆς
598 4079 728 4166 Λιβυης
751 4077 996 4167 εὐλαβηθέντες
1019 4086 1166 4169 ἔφυγον,
1196 4089 1355 4168 γλῶσσαν

242 4175 316 4241 ἐπεί
334 4194 451 4261 σφισιν
474 4177 649 4247 ἀπένεικεν
671 4177 910 4264 ὑπερποντίαν.
944 4182 1007 4269 οὐχ
1029 4181 1097 4271 ότι,
1116 4187 1222 4270 φησὶν
1242 4181 1354 4251 ὁΔί-

242 4274 263 4335 δ
269 4297 390 4360 υμος,
418 4280 452 4342 ολ
470 4283 602 4358 λέοντες
622 4282 659 4346 ἐκ
683 4290 799 4368 φωνῆς
821 4286 966 4369 ἔφυγον,
989 4283 1063 4352 ἀλλ’
1086 4287 1158 4353 ἐπεί
1180 4282 1243 4372 τὴν
1264 4283 1352 4352 ἀπό-
