2962 5024
227 369 298 459 σου.

760 560 812 619 37.

311 676 418 741 Schol.
441 676 534 739 Nem.
557 677 589 738 Γ
608 677 624 736 1
647 697 680 760 p.
703 678 766 738 440
786 672 934 757 ἐζήτηται
959 673 1013 755 δέ,
1043 675 1114 750 πῶς
1136 673 1341 739 ἐπικαλεῖται

228 774 290 861 τὴν
312 781 459 842 Μοῦσαν
485 776 600 841 ἐλθεῖν
629 777 675 852 είς
697 771 759 858 τὴν
782 781 927 857 Αίγιναν
955 767 1040 855 ὑπὲρ
1062 779 1124 839 τού
1146 772 1207 841 τὸν
1229 771 1343 861 ύμνον

227 874 395 966 ᾀσθήναι,
429 878 483 943 καὶ
511 873 580 961 ἅμα
607 872 688 952 τούς
713 881 912 952 νεανίσκους
939 875 1022 958 φησὶ
1050 875 1182 961 μένειν,
1210 874 1256 943 δι’
1281 873 1346 956 ούς

229 974 335 1063 αὐτὴν
357 980 578 1062 ἐπικαλεῖται,
610 971 675 1042 ούκ
697 976 735 1041 ἐν
755 979 893 1062 Αἰγίνῃ,
923 971 996 1041 ἀλλ’
1022 977 1059 1041 ἐν
1081 979 1212 1066 Νεμέμ,
1235 975 1254 1046 ὁ
1277 979 1344 1064 γὰρ

226 1074 376 1158 Ἀσωπός
406 1075 471 1144 ούκ
500 1079 537 1143 ἐν
556 1082 679 1164 Αἰγίνῃ
701 1072 786 1143 ἀλλὰ
807 1078 883 1159 περὶ
906 1076 1079 1143 Φλιοῦντά
1101 1079 1170 1145 ἐστι
1194 1079 1248 1145 καί
1271 1085 1344 1146 Νε-

229 1183 323 1267 μέαν.
361 1175 466 1264 ὁμὲν
488 1170 552 1245 ούν
572 1177 837 1264 Ἀρίσταρχός
857 1198 962 1262 φησιν
979 1229 1074 1244 .....
1105 1177 1347 1249 attacta-

229 1306 303 1368 μσς
324 1285 555 1364 ὅιηπατῆσθαί
574 1299 680 1377 φησιν
702 1277 782 1358 τούς
799 1275 1183 1366 ύπομνηματισαμένους
1198 1289 1239 1371 τῇ
1253 1279 1345 1369 ὁμω-

232 1387 335 1470 νυμίᾳ
356 1387 425 1448 τῶν
446 1387 621 1466 ποταμῶν·
643 1384 678 1448 οί
690 1377 753 1465 γὰρ
762 1377 911 1447 ”Arsaos
930 1387 1076 1467 πλείους,
1100 1374 1149 1449 οἷν
1163 1385 1223 1450 ἕνα
1239 1385 1347 1471 φησὶν

230 1486 293 1572 (sic
316 1484 479 1565 Boeckh.,
509 1483 603 1548 codd.
628 1485 746 1566 φασίν)
776 1479 860 1548 εἶναι
883 1483 937 1548 καί
959 1480 1020 1549 τόν
1043 1484 1080 1549 ἐν
1102 1489 1235 1573 Αἰγίνῃ.
1265 1483 1284 1552 ὁ
1308 1487 1346 1553 δέ

230 1590 549 1669 Καλλίστρατος
566 1578 732 1650 Ἀσωπίδα
751 1586 788 1649 ἐν
810 1587 941 1671 Αἰγίνῃ.
975 1583 1116 1651 δύναται
1139 1584 1177 1652 δέ
1200 1590 1254 1653 καὶ
1277 1586 1344 1653 κτὲ.

315 1688 437 1753 Verum
459 1688 627 1772 perspexit
642 1686 849 1752 Callistratus
868 1709 1005 1774 cumque
1023 1698 1152 1752 secutus
1167 1689 1345 1774 Didymus.

231 1792 283 1865 Of.
296 1788 445 1855 Mueller.
459 1787 609 1870 Acginct.
625 1811 657 1874 p.
671 1792 701 1852 6.
719 1791 765 1870 10,
779 1789 912 1854 Disscn.
926 1788 1012 1874 cxpl.
1030 1788 1125 1853 Pind.
1138 1812 1169 1875 p.
1183 1792 1256 1854 364.
1270 1793 1344 1855 382.

744 1973 821 2060 [as]
936 2026 938 2032 .

315 2088 423 2154 Schol.
447 2087 540 2151 Nem.
564 2090 596 2151 Γ
618 2093 654 2151 16
686 2084 780 2172 ἄρχε
804 2085 856 2174 δ’,
883 2084 1048 2173 ούρανολ
1073 2092 1347 2172 πολυνεφέλα

229 2189 402 2272 κρέοντι
425 2186 631 2271 θύγατερ·
653 2229 696 2240 -
716 2191 849 2275 βέλτιον
870 2190 908 2253 δι’
926 2207 1030 2273 φησιν
1051 2184 1069 2254 ὁ
1088 2192 1258 2273 Πίνδαρος
1282 2195 1346 2278 (εἰσ

230 2292 320 2373 vulg.
328 2338 337 2371 ,
368 2288 518 2375 Hcynius
546 2291 630 2355 coni.
660 2284 867 2374 (laticlauios,
899 2291 987 2355 idem
1014 2291 1156 2356 voluisse
1178 2292 1346 2377 Bcrgkius

231 2392 361 2456 vidctur
391 2390 441 2454 cd.
465 2391 520 2455 alt.
542 2415 574 2477 p.
601 2394 659 2455 158
667 2441 676 2473 ‚
704 2392 893 2456 Boeckhius
920 2392 1118 2455 tutissimum
1141 2393 1236 2457 duxit
1257 2393 1346 2458 lacu-

230 2515 305 2559 nam
336 2493 491 2575 statuere)
522 2487 660 2556 ἀκούειν
693 2488 730 2557 τὰ
763 2487 846 2556 ὅλον
874 2487 983 2556 οὕτω·
1018 2496 1079 2556 τοῦ
1108 2495 1346 2576 πολυνεφέλου

230 2595 388 2676 κρέοντος
410 2588 562 2676 ούρανοῦ
583 2591 745 2676 θύγατερ,
769 2599 829 2657 τοῦ
850 2590 943 2669 Διός.
975 2593 1084 2676 κρέων
1106 2589 1169 2677 γὰρ
1191 2590 1346 2676 ούρανοῦ

229 2689 248 2759 ὁ
273 2689 378 2778 Ζεύς,
402 2690 486 2771 Διὸς
504 2694 540 2758 δὲ
561 2698 709 2759 Μοῦσαι.

315 2796 405 2859 Loco
424 2805 456 2860 ct
478 2795 672 2860 illustrando
694 2806 727 2859 ct
748 2795 951 2861 emendando
974 2795 1115 2881 impares
1138 2795 1270 2860 fuerunt
1288 2820 1346 2861 vc·
1449 2860 1454 2869 .

231 2909 316 2962 teres
342 2897 545 2980 grammatici
560 2894 770 2959 Aristarchus
792 2896 985 2960 Ammonius
1007 2894 1182 2981 Didymus.
1230 2896 1346 2983 Nequc

231 2997 399 3063 sufficiunt
420 3017 503 3081 quae
524 2995 715 3081 Ludolphus
738 2996 870 3060 Disscu.
895 2995 982 3082 cxpl.
1010 2995 1105 3060 Pind.
1129 3020 1161 3082 p.
1179 3000 1241 3062 365
1262 3007 1346 3063 attu-

231 3098 270 3162 lit
292 3108 301 3136 ³
307 3104 399 3176 praei
419 3117 487 3161 vero
508 3102 574 3161 Iovi
593 3102 748 3177 hymnum,
769 3104 853 3174 filim·
879 3104 908 3160 λ.
928 3120 952 3161 c.
976 3103 1078 3162 doceri
1099 3109 1196 3160 autem
1218 3104 1306 3177 ονμὶο
1326 3120 1346 3160 ο

231 3213 259 3262 tc
276 3204 419 3277 hymnum
438 3202 529 3261 Iovi)
563 3197 636 3261 Hoc
655 3206 765 3262 tamen
787 3199 889 3261 sensit
909 3198 1084 3284 Didymus,
1108 3198 1149 3262 de
1169 3198 1259 3279 Iove,
1278 3221 1345 3263 non

233 3297 273 3362 dc
292 3297 404 3362 Urano
432 3319 613 3362 sermonem
642 3320 723 3361 esse.
770 3299 898 3362 Primus
920 3299 1042 3383 Bergk.
1067 3299 1117 3364 cd.
1141 3299 1198 3364 alt.
1222 3324 1253 3386 p.
1285 3304 1344 3364 158

232 3397 362 3483 scripsit
373 3391 534 3481 ούρανοῖο
547 3402 717 3481 πολυφίλα
731 3399 864 3479 κρέοντι
878 3395 1040 3484 θύγατερ,
1053 3400 1139 3485 quod
1154 3399 1343 3486 amplector.

761 3587 812 3648 39.

317 3699 398 3764 ibid.
416 3705 452 3764 71
478 3696 671 3785 ψεφηνὸς
691 3696 969 3785 ἀνὴρ-ποδί·
986 3694 1061 3768 -ὁ
1085 3701 1121 3766 δὲ
1139 3702 1347 3784 Δίδυμος·

233 3792 396 3863 ούᾶἐποτε
418 3796 564 3887 καταβὰς
586 3800 639 3866 ἐπὶ
663 3806 799 3886 πρᾶγμα
819 3803 964 3885 ἵσταται,
988 3802 1135 3886 ἐνέμεινε
1159 3797 1210 3867 ἐπ’
1236 3797 1345 3867 αύτού

229 3896 288 3963 καί
310 3899 581 3985 ἐνεκαρτέρησεν,
604 3896 680 3967 ἀλλ’
702 3905 748 3979 είς
769 3897 875 3968 πολλὰ
903 3904 958 3968 καί
980 3897 1064 3968 ἅλλα
1083 3904 1288 3988 μεταπρέπει.
1361 3909 1365 3916 ’

761 4073 812 4133 40.

321 4184 428 4249 Schol.
452 4184 545 4249 Nem.
570 4192 602 4250 Δ
624 4189 642 4249 3
662 4209 694 4272 p.
715 4191 776 4251 450
808 4187 967 4265 θέλξαν
992 4210 1059 4251 νιν
1088 4181 1351 4271 ἁπτόμεναι·

231 4278 268 4348 τὸ
293 4288 361 4352 νίν
376 4280 587 4372 Ἀρίσταρχος
608 4285 662 4350 ἐπὶ
681 4290 739 4371 τῆς
761 4281 976 4370 εὐφροσύνης
998 4282 1128 4372 ἀκούει,
1150 4284 1236 4354 ὥστε
1260 4283 1346 4354 εἶναι
