2932 5002
1186 396 1248 459 379

139 572 278 651 σιτικῶν,
304 569 369 632 nisi
391 569 568 654 suspicaris
590 566 721 652 plenum
744 564 819 630 libri
842 564 984 629 indicem
1005 561 1107 626 fuisse
1125 559 1250 645 σύμμι-

138 695 199 736 κτα
222 665 454 752 συμποσιακά,
477 666 750 755 quemadmodum
768 665 960 731 Aristoxeni
979 664 1148 728 Tarentini
1166 663 1250 728 liber

141 772 317 857 inscriptus
348 768 411 832 fuit
432 764 602 851 σύμμικτα
624 765 824 851 συμποτικά.
876 766 1029 831 Ceterum
1056 766 1176 829 adeant
1197 788 1247 830 ve·

140 873 197 937 lim
230 871 369 936 lectores
403 869 483 934 diss.
517 881 661 935 nostram
696 872 736 935 de
766 870 911 956 Didymo
940 867 957 930 I
992 871 1011 929 5
1044 889 1075 953 p.
1106 870 1162 948 71,
1192 866 1250 931 ubi

140 975 359 1038 coniecturam
405 993 588 1056 proponere
626 994 725 1036 ausus
765 994 836 1036 sum
874 971 908 1034 in
946 968 1046 1033 schol.
1084 968 1147 1054 Ap.
1186 968 1248 1033 Rh.

139 1076 187 1140 IV
217 1077 278 1138 973
304 1071 479 1158 legendum
509 1094 580 1136 esse
608 1076 739 1159 κωμικῇ
766 1072 852 1150 λέξει
878 1075 918 1158 τῆ
943 1064 973 1134 τ’
1001 1094 1021 1153 η
1044 1071 1249 1152 συμμίκτων.

139 1175 254 1262 Neque
277 1197 364 1239 nunc
386 1173 483 1238 huius
503 1197 555 1238 me
575 1177 757 1262 poeniteret
780 1176 1003 1253 coniecturae,
1026 1173 1053 1236 si
1077 1179 1251 1253 constaret,

139 1277 173 1341 id
197 1276 284 1363 quod
302 1277 435 1339 minime
457 1285 600 1359 constat,
627 1300 663 1341 re
690 1299 771 1342 vera
792 1275 929 1362 Didymi
950 1274 1158 1339 Chalcenteri
1180 1293 1252 1336 esse

140 1373 364 1460 συμποσιακά.
410 1377 507 1442 Certe
538 1380 724 1465 aptissimus
757 1387 827 1442 erat
855 1378 888 1440 in
913 1375 1133 1465 Symposiacis
1160 1372 1252 1437 locus

139 1479 341 1544 conclamato
361 1478 419 1561 illi,
438 1478 659 1543 aurichalcum
682 1479 760 1566 quid
783 1487 878 1560 esset,
901 1473 1098 1561 ἀνευρήματι.
1131 1474 1252 1539 Obser-

139 1604 198 1645 ves
218 1580 314 1663 mihi,
342 1601 479 1668 quaeso,
509 1580 645 1668 Didymi
670 1580 773 1644 verba
801 1583 869 1644 τῶν
897 1581 968 1660 εἰκῆ
1001 1575 1260 1661 ὃιαδεὸομένων,

140 1680 206 1746 καὶ
227 1685 370 1762 τοῦτο,
397 1679 484 1743 undo
513 1679 600 1744 effici
626 1681 757 1745 videtur
780 1682 893 1747 codem
916 1682 1037 1767 capite,
1069 1701 1131 1764 quo
1155 1700 1252 1764 quae-

141 1783 280 1846 stionem
296 1780 384 1845 illam
401 1782 441 1846 do
458 1782 643 1847 aurichalco
663 1783 854 1847 solvendam
874 1783 937 1847 sibi
951 1780 1130 1868 proposuit,
1153 1780 1250 1843 etiam

141 1883 182 1948 de
205 1882 279 1947 aliis
301 1885 402 1947 mirae
424 1893 561 1948 naturae
582 1885 778 1970 ignotaeque
800 1885 936 1969 originis
959 1881 1099 1947 metallis
1124 1881 1252 1966 exposi-

141 1994 209 2048 tum
232 1984 348 2067 fuisse,
373 2009 401 2050 e.
424 2009 457 2071 g.
481 1987 522 2050 de
543 1986 664 2050 electro
698 1987 818 2050 stimmi
841 1985 1042 2050 sandaraohe
1072 1980 1251 2046 andrioolo.

665 2210 720 2273 *9.

226 2345 354 2427 Agmen
380 2344 636 2427 fragmentorum
664 2344 796 2408 claudat
826 2342 928 2407 Clom.
951 2340 1048 2403 Alex.
1081 2340 1198 2404 Strom.
1222 2339 1252 2402 V

141 2468 173 2530 p.
201 2449 262 2507 415
287 2445 317 2510 Α
348 2444 492 2530 (Heius.)
523 2450 634 2526 σοφοῦ
664 2441 728 2527 γὰρ
755 2441 792 2507 τὸ
825 2448 970 2525 χρῆσθαι
1000 2446 1039 2525 τῇ
1065 2442 1253 2528 συμβολικῇ

142 2542 265 2628 φράσει
295 2547 425 2627 δεξιῶς,
455 2544 559 2628 φησὶν
588 2539 606 2608 ὁ
635 2539 923 2628 γραμματικὸς
954 2545 1165 2630 Δίδυμος,
1200 2536 1251 2602 καὶ

142 2645 179 2710 τὸ
203 2650 364 2730 γνωρίσαι
395 2643 432 2711 τὸ
456 2642 511 2712 διὰ
535 2644 657 2729 ταύτης
680 2642 891 2728 δηλούμενον
915 2683 958 2695 —-
978 2645 1083 2728 βέὸυ
1104 2640 1166 2724 μὲν
1188 2634 1253 2723 γὰρ

142 2745 222 2826 τούς
238 2746 377 2831 Φρύγας
398 2745 435 2812 τὸ
455 2743 549 2831 ὕδωρ
572 2746 654 2831 φησὶ
678 2752 808 2829 καλεῖν,
831 2742 921 2812 καθὰ
944 2744 998 2809 καὶ
1014 2737 1156 2826 Ὀρφεύς
1171 2764 1253 2829 sqq„

142 2850 315 2937 inquibus
345 2859 444 2937 quota
470 2859 543 2936 post
566 2851 750 2938 appositum
771 2848 931 2913 Neanthis
961 2845 1118 2934 Cyziceni
1147 2843 1253 2907 locum

142 2974 218 3037 pars
248 2975 266 3014 e
288 2952 433 3038 Didymo
461 2955 504 3015 sit
528 2951 646 3030 hausta
669 2974 728 3039 pro
750 2959 839 3015 certo
862 2949 1026 3013 affirmare
1048 2970 1113 3012 non
1137 2947 1252 3010 airsim.

141 3092 184 3101 -
209 3044 429 3139 Symposiacis
456 3053 618 3141 adscripsi
644 3052 729 3117 hanc
757 3074 885 3139 quoque
911 3050 1062 3115 laciniam
1097 3072 1135 3114 eo
1168 3071 1254 3113 com·
1311 3124 1313 3130 Ι

142 3162 248 3217 motus
278 3162 486 3238 argumento,
518 3154 605 3241 quod
637 3151 802 3237 ζητήματα
836 3152 870 3217 id
900 3174 1021 3237 genus,
1057 3151 1136 3239 quid
1169 3158 1255 3214 essct

143 3254 237 3339 βέὸυ,
261 3255 339 3343 quid
354 3251 418 3331 ζάψ
442 3264 515 3337 σιν,
535 3267 648 3340 gratae
669 3256 816 3343 prolecto
831 3257 1115 3342 grammaticorum
1132 3252 1253 3316 mensis

142 3380 240 3443 super
262 3377 395 3420 coenam
419 3358 569 3445 interque
594 3358 711 3445 pocula
732 3380 805 3423 esse
831 3366 1006 3445 potuerunt
1034 3356 1253 3443 quaestiones.

143 3457 195 3522 De
218 3457 301 3543 βέδυ
323 3458 365 3522 cf.
389 3457 535 3524 Lobeck.
558 3458 722 3546 Aglaoph.
745 3481 777 3546 p.
800 3462 872 3524 836.
896 3461 968 3523 883.

228 3611 320 3674 Haec
348 3610 448 3692 igitur
478 3632 595 3674 novom
625 3633 642 3675 e
670 3612 885 3696 symposiacis
908 3611 1093 3694 fragmenta
1114 3618 1253 3674 aetatem

143 3710 297 3774 tulerunt.
342 3708 459 3772 Nullus
484 3719 593 3775 tamen
617 3713 730 3777 dubito
761 3713 839 3799 quin
867 3711 962 3798 plura
991 3710 1097 3775 adhue
1123 3711 1156 3772 in
1179 3710 1253 3774 Plu·

142 3808 261 3895 tarcho
277 3809 428 3894 Diogene
450 3810 582 3881 Laertio
610 3823 642 3877 et
664 3813 832 3878 Clemente
859 3806 1086 3877 Alexandrino
1114 3811 1251 3877 latitent.

144 3912 214 3976 lam
244 3932 323 3974 vero
349 3912 546 3995 gravissima
571 3916 719 4000 quaestio
747 3914 842 3979 nobis
863 3913 1029 3978 solvenda
1050 3922 1116 3995 est,
1144 3923 1252 3978 utrum

143 4014 225 4078 haec
245 4014 356 4079 decem
380 4013 549 4083 volumina
568 4055 611 4065 —
633 4026 680 4081 tot
702 4017 787 4081 enim
810 4016 978 4079 minimum
1005 4015 1138 4078 fuerunt
1159 4054 1194 4069 -
1218 4037 1253 4079 re

142 4138 222 4180 vera
251 4113 294 4179 ab
318 4115 550 4181 ¹Alexandrino
577 4121 808 4202 grammatico,
838 4117 872 4181 id
901 4114 988 4202 quod
1015 4110 1127 4194 ἆκριτί
1148 4117 1254 4204 perhi-

39 4298 44 4304 ⁴
142 4218 221 4283 bere
241 4218 353 4284 doctos
376 4219 464 4305 viros
485 4218 544 4305 (of.
568 4219 660 4303 Suid,
683 4219 700 4282 Ι
721 4241 754 4305 p.
783 4222 862 4302 1330
884 4217 1016 4281 Bornh.
1030 4218 1187 4282 Beccard.
1211 4219 1252 4283 de

145 4320 256 4388 scholl.
286 4321 383 4388 Hom.
412 4320 529 4390 Venot.
564 4321 605 4392 A.
635 4342 667 4413 p.
698 4324 748 4385 30.
781 4321 837 4412 31)
860 4319 974 4403 video,
1002 4342 1044 4384 an
1067 4318 1109 4385 ab
1127 4319 1253 4385 iuniore
