2962 5018
1185 420 1245 482 285

138 582 200 642 556
220 599 285 642 non
310 578 406 643 modo
431 578 472 643 ab
488 577 655 664 Hesychio
676 601 702 642 s.
716 601 748 643 v.
773 574 866 662 lapda
888 577 1048 666 πόλεμον,
1071 583 1129 646 sed
1151 584 1248 647 etiam

137 702 157 742 a
180 679 281 743 schol.
304 679 384 743 Eur.
407 680 483 744 Tm.
507 683 526 742 9
548 679 628 743 Cob.
650 680 823 765 repetitum
844 684 895 745 sit.

223 778 338 867 Itaque
367 802 419 845 res
451 801 517 844 non
550 802 704 866 prospere
735 783 835 845 cessit
857 782 973 847 Oscari
998 783 1168 849 Gerhardo
1201 785 1248 849 de

137 879 389 945 Aristarcho
422 882 714 968 Aristophanis
745 884 977 970 interprete
1009 884 1134 949 Bonn.
1166 888 1247 949 1859

136 1005 168 1068 p.
185 986 203 1046 3
227 982 361 1065 neganti
384 982 418 1046 id
442 983 529 1067 quod
544 981 584 1046 Ο.
602 981 820 1047 Schneiderus
841 985 1063 1049 affirmaverat
1089 989 1148 1050 TA
1161 981 1249 1051 ὑπο-

136 1083 290 1167 μνήματα
315 1082 356 1146 ab
381 1081 567 1147 auctoribus
591 1092 721 1147 nostrae
751 1084 948 1151 scholiorum
970 1087 1147 1172 farraginis
1169 1088 1248 1173 ipsis

137 1187 284 1270 inspecta
302 1207 368 1248 non
385 1206 467 1265 esse,
490 1184 548 1248 sed
562 1182 604 1247 ab
621 1194 752 1250 auctore
771 1190 862 1252 Tor
873 1181 1112 1273 ὑπομνήματος
1126 1188 1247 1252 afferri.

136 1286 182 1350 Ut
210 1288 297 1349 enim
324 1294 437 1349 auctor
465 1287 526 1348 τοῦ
548 1278 787 1369 ὑπομνήματος
807 1288 1014 1376 Didymusne
1037 1313 1079 1354 an
1103 1289 1247 1374 Symma-

137 1388 216 1452 chus
233 1387 339 1469 suerit,
362 1389 395 1450 in
411 1395 583 1472 utramque
599 1394 723 1473 partem
739 1389 898 1474 disputari
914 1400 1030 1476 potest,
1042 1392 1088 1454 ita
1104 1387 1144 1454 ad
1159 1383 1247 1455 ὑπο-

135 1486 289 1573 μνήματα
313 1487 489 1552 maturiore
518 1496 622 1550 morte
639 1488 793 1572 periisse,
822 1512 918 1576 quarn
940 1514 1024 1577 quae
1045 1500 1183 1554 aetatem
1206 1490 1248 1554 ad

137 1591 315 1655 secundum
336 1612 439 1676 usque
462 1598 535 1674 post
556 1585 723 1651 Christum
738 1591 912 1676 ‚saeculum
933 1592 1166 1678 perducerent,
1187 1612 1247 1675 pro

136 1692 308 1777 exploratu
346 1691 459 1755 haberi
497 1698 613 1777 potest.
669 1689 883 1755 Infirmiorem
922 1693 1020 1756 etiam
1053 1693 1247 1755 sententiam

138 1791 330 1856 Dindorfius
358 1794 392 1855 in
421 1792 497 1855 add.
525 1790 591 1855 vol.
614 1789 630 1852 Ι
657 1790 759 1855 schol.
786 1802 810 1856 t.
837 1792 890 1856 Ill
917 1817 948 1881 p.
980 1796 1041 1857 399
1068 1793 1144 1857 tulit
1170 1801 1246 1857 ‘uo-

135 1904 228 1956 slram
258 1898 436 1958 scholiorum
463 1899 661 1957 collectionem
687 1901 799 1972 parlim
825 1916 866 1958 ea
890 1901 1003 1959 Phaine·
1028 1908 1056 1959 el
1079 1900 1251 1976 Symmachi

131 2004 246 2074 parlim
272 2003 341 2059 aliis
362 2000 537 2074 quibusdam
563 1999 739 2057 scholiorum
767 2002 985 2060 collectionibus
1010 2019 1073 2062 esse
1099 2005 1247 2077 composi-

135 2109 211 2175 tam,
230 2105 307 2161 inter
327 2118 416 2176 quus,
436 2097 558 2182 inquit,
577 2103 606 2158 si
625 2103 785 2160 nonnullae
800 2101 928 2174 fuerunt
948 2112 1102 2165 auctorum
1116 2107 1247 2164 nammi-

135 2205 188 2263 hus
210 2220 268 2262 non
290 2205 462 2278 inscriptae,
478 2202 619 2277 profecto
641 2219 699 2261 non
721 2206 893 2264 mirantium
914 2213 958 2266 est
976 2209 1118 2281 simplicis
1134 2196 1247 2286 ὑπομ-

136 2300 281 2383 νήματος
308 2307 440 2377 nomine,
467 2305 519 2363 uhi
544 2321 606 2363 una
633 2307 750 2378 aliqua,
779 2308 826 2363 ael
845 2295 1176 2386 ὑπομνημάτων,
1197 2310 1248 2367 uhi

133 2409 237 2480 plures
262 2406 491 2478 distinauentlae
518 2411 618 2474 crant,
651 2407 682 2461 in
708 2404 829 2464 scholiis
854 2410 962 2465 nostris
981 2426 1044 2467 esse
1069 2413 1245 2483 appellatas,

135 2507 381 2582 quemadmodum
403 2508 434 2563 in
455 2505 572 2564 scholiis
590 2504 761 2578 Sophocleis
777 2507 924 2564 intertium
941 2507 1064 2582 Didymi
1083 2511 1246 2568 aliorumve

136 2611 328 2683 interpretum
347 2609 467 2666 nomina
490 2607 635 2679 apposita,
659 2607 834 2678 aliquotiens
848 2613 945 2665 aulem
961 2603 1004 2666 τὸ
1023 2597 1244 2687 ὑπόμνημα

137 2705 193 2791 (ad
215 2705 293 2769 Ant.
319 2706 400 2768 1326
421 2703 473 2766 El.
502 2706 575 2766 451.
600 2702 676 2787 488)
707 2709 753 2765 uel
776 2698 874 2778 τούς
897 2696 1245 2788 ὑπομνηματισα-

136 2805 291 2888 μένους
321 2804 403 2889 (00.
433 2806 506 2868 388.
537 2806 608 2867 399.
629 2805 705 2881 681)
736 2811 962 2868 commemorari
986 2812 1137 2869 uidimus!
1186 2809 1245 2870 TA

136 2900 359 2989 ὑπομνήματα
379 2908 475 2988 enim,
497 2914 533 2969 ut
554 2905 655 2986 vides,
686 2904 898 2988 intellegendi
920 2916 995 2971 sunt
1011 2909 1128 2994 partim
1151 2929 1244 2972 accu-

136 3009 272 3071 ratiores
312 3009 536 3072 commentarii
571 3007 613 3072 ab
650 3008 731 3093 ipsis
769 3009 989 3090 grammaticis
1022 3008 1244 3074 Alexandriae

137 3108 265 3172 scholas
287 3108 484 3173 habentibus
506 3109 631 3190 emissi,
668 3108 786 3194 partim
809 3110 842 3171 in
865 3108 1030 3195 publicam
1053 3111 1158 3174 lucem
1179 3133 1243 3174 non

136 3210 297 3294 prodituri
320 3209 488 3293 fasciculi,
516 3210 646 3274 scholae
675 3209 728 3273 vol
752 3209 1017 3276 scholasticorum
1044 3215 1117 3277 us'ui
1147 3212 1243 3277 desti-

136 3313 221 3394 nati,
252 3312 371 3398 partim
404 3311 553 3376 fortassis
587 3312 761 3377 schedulae
791 3334 811 3375 a
838 3313 1008 3400 discipulis
1033 3315 1243 3379 illustriorum

135 3416 429 3499 grammaticorum,
437 3435 574 3501 quorum
586 3414 800 3478 interfuerant
808 3414 1091 3500 praelectionibus,
1098 3415 1243 3477 futurum

136 3517 170 3578 in
191 3538 286 3579 usum
304 3525 491 3603 conceptae.
524 3510 571 3580 Τὰ
593 3514 859 3599 ἐπιγεγραμμένα
880 3509 1107 3579 Ἀπολλωνίου
1128 3536 1172 3576 se.
1186 3512 1243 3599 hy·

136 3624 341 3700 pomnemata
371 3616 486 3701 (schol.
516 3616 603 3679 Avv.
636 3615 731 3699 1242)
757 3616 914 3701 'exemplo
946 3637 1018 3678 esse
1046 3622 1182 3701 possunt
1209 3614 1243 3677 id

137 3735 241 3798 genus
270 3713 493 3778 saluberrimo.
538 3714 619 3778 Mihi
647 3716 732 3778 enim
760 3735 916 3801 perquam
936 3713 1041 3778 simile
1062 3716 1133 3778 veri
1154 3714 1243 3777 vide-

137 3824 205 3898 tur,
224 3814 310 3879 hunc
332 3813 556 3899 Apollonium,
578 3836 643 3878 non
665 3814 843 3894 Rhodium,
866 3816 924 3880 sed
946 3814 1077 3878 aliunde
1096 3816 1243 3899 ignotum

137 3917 315 3998 homiuem,
336 3938 437 3979 unum
459 3938 477 3981 e
499 3915 715 4004 quadraginta
736 3915 917 3978 Aristarchi
940 3915 1110 4002 discipulis
1131 3915 1243 3997 fuisse,

137 4019 228 4084 cuius
256 4016 497 4104 qualescunque
523 4016 767 4082 observationes
799 4017 833 4079 in
857 4016 1106 4103 hypomnemate
1134 4016 1242 4103 aliquo

137 4119 240 4183 literis
261 4119 446 4201 mandaret,
468 4117 535 4183 vid.
550 4115 650 4195 schol.
663 4116 746 4182 Ven.
764 4118 869 4182 Rann.
886 4121 948 4182 357
971 4115 1052 4202 μήτε
1071 4119 1242 4197 Κρατίνου

141 4218 313 4306 [Gerhard.
343 4220 365 4283 l.
389 4220 410 4283 l.
438 4242 471 4306 p.
495 4219 547 4307 22]
577 4219 683 4283 Rann.
707 4220 768 4282 423
791 4219 894 4305 (191).
920 4220 1125 4282 11481294.
1152 4219 1242 4300 1485,

137 4331 173 4385 ut
202 4322 299 4406 longe
324 4321 475 4386 recedam
501 4320 544 4384 ab
572 4322 612 4385 Ο.
633 4320 826 4386 Schneideri
850 4321 1027 4402 sententia,
1059 4320 1115 4405 qui
1136 4342 1167 4404 p.
1192 4320 1243 4400 89,
