2962 5018
242 413 306 476 272

240 600 299 641 cur
330 578 434 663 primo
468 578 539 643 loco
573 578 613 642 de
635 578 751 642 studiis
779 579 882 641 nostri
900 578 1174 667 lexicographicis
1194 601 1359 645 commen-

241 688 328 743 tatus
346 680 427 760 sim,
450 688 486 742 ut
506 679 644 743 lectores
659 679 755 744 huius
772 681 887 766 capitis
909 679 1054 745 breviter
1074 681 1182 746 isthuc
1200 681 1360 766 ablegare

240 802 381 867 possem.
427 779 499 843 Hoc
516 780 617 863 igitur
640 780 710 844 loco
724 783 982 868 praepositiones
1003 785 1255 868 sumtionesque,
1279 804 1359 868 qua-

240 905 311 947 rum
334 883 368 946 id
390 902 592 966 consequens
616 890 675 964 est,
697 891 733 946 ut
754 883 933 970 Didymum
957 886 1042 948 inter
1065 882 1261 948 scholiorum
1285 882 1359 947 fon·

239 993 289 1048 tes
325 1003 500 1071 ponamus,
539 982 694 1069 deinceps
733 1007 942 1050 enumerasse
980 987 1059 1049 satis
1094 984 1211 1049 habeo.
1272 984 1360 1048 Sunt

238 1108 318 1150 vero
343 1085 420 1149 hae:

327 1188 360 1268 1)
383 1186 548 1272 Didymus
576 1185 802 1251 collectionem
829 1186 1077 1269 vocabulorum,
1105 1186 1223 1274 quibus
1247 1193 1280 1249 et
1303 1208 1357 1249 co-

240 1289 316 1351 mici
340 1296 372 1351 61
391 1288 509 1371 tragici
534 1297 649 1373 poetae
669 1289 722 1351 usi
749 1296 841 1371 sunt,
864 1288 1020 1371 instituit,
1046 1311 1143 1376 quam
1163 1289 1197 1351 in
1218 1288 1356 1353 brevius

240 1397 441 1453 contractam
459 1388 645 1476 Hesychius
670 1390 831 1474 farragini
852 1410 930 1453 suae
953 1390 1101 1453 inseruit.

327 1492 360 1577 2)
395 1491 481 1555 idem
513 1493 762 1555 commentarios
791 1490 861 1553 sive
892 1489 1145 1577 hypomnemata
1172 1490 1204 1551 in
1230 1487 1355 1575 Sopho-

241 1592 322 1656 clem
346 1593 535 1680 Euripidem
556 1591 809 1678 Aristophanem
833 1590 1002 1656 Cratinum
1025 1590 1169 1678 Eupolin
1192 1589 1353 1653 elimavit.

326 1695 360 1779 3)
383 1695 471 1759 idem
492 1694 744 1780 hypomnemata
765 1692 822 1756 illa
841 1693 901 1775 ita,
922 1692 1030 1757 lexica
1049 1715 1122 1756 cum
1145 1690 1354 1756 elucubrare·

238 1805 308 1878 tur,
332 1796 493 1877 excussit,
514 1804 551 1858 ut
571 1803 672 1859 semet
696 1796 803 1882 ipsum
825 1796 918 1882 quasi
937 1795 1130 1881 compilasse
1151 1793 1331 1858 videretur.

323 1898 358 1982 4)
382 1905 519 1984 utroque
541 1919 638 1984 opere
661 1897 785 1961 scholia
806 1898 853 1961 uti
878 1904 1014 1961 constat.
1046 1964 1050 1970 ,

326 1996 414 2060 Hinc
443 2019 495 2061 me
523 1999 630 2062 iudice
659 1998 814 2080 efficitur,
844 2007 880 2061 ut
908 1998 1105 2063 scholiomm
1124 1993 1353 2082 Hesychiique

240 2122 418 2164 consensus
443 2100 507 2163 alio
534 2099 672 2163 artificio
693 2099 852 2185 explicari
873 2122 969 2185 posse
994 2120 1058 2163 non
1089 2097 1257 2179 videatur,
1286 2099 1352 2161 nisi

239 2203 268 2265 si
291 2221 399 2264 sumas
421 2200 464 2263 ab
484 2209 621 2287 utroque
644 2200 781 2286 Didymi
803 2222 883 2264 arva
905 2199 1039 2286 depasta
1060 2220 1142 2262 esse.
1177 2198 1351 2263 Absonum

239 2304 426 2366 enimesset
446 2301 533 2384 inde,
555 2302 642 2388 quod
662 2301 762 2365 schol.
781 2301 836 2364 Tr.
858 2303 933 2364 1161
958 2302 1119 2385 tragicum
1140 2300 1271 2365 lexicon
1293 2301 1350 2363 ad·

238 2402 359 2485 hibeat,
383 2404 431 2466 sic
454 2412 596 2467 statuere
620 2403 715 2485 velle,
738 2401 862 2466 scholia
883 2399 955 2483 La,
978 2403 1127 2488 quotiens
1147 2423 1220 2465 cum
1242 2400 1351 2488 Hesy-

239 2506 312 2570 chio
342 2505 547 2588 conspirent,
574 2503 696 2591 ubique
717 2502 808 2567 illam
828 2502 1026 2586 farraginem
1052 2503 1263 2590 compilasse,
1284 2505 1351 2590 pri·

237 2630 341 2690 mum,
363 2605 467 2693 quod,
495 2603 613 2691 quibus
632 2605 917 2693 hypomnematum
940 2605 1166 2668 continuorum
1187 2603 1351 2690 amplissi-

237 2730 427 2795 morumquc
460 2708 763 2770 commentariorum
792 2728 870 2770 usus
901 2727 1075 2769 concessus
1109 2713 1178 2769 erat
1184 2754 1193 2787 ,
1229 2704 1261 2768 hi
1285 2716 1351 2768 tar·

238 2811 328 2875 dicre
350 2808 464 2873 labore
487 2809 636 2897 dispersa
663 2831 720 2895 per
742 2808 840 2872 lexici
864 2808 970 2893 spatia
989 2805 1150 2869 vocabula
1173 2806 1350 2870 evolvendi

236 2909 490 2996 conligendique
527 2910 625 2974 facile
659 2910 870 2997 supersedere
904 2917 1069 2995 poterant,
1108 2906 1226 2972 deinde
1259 2907 1349 2994 quod

236 3018 490 3075 consentaneum
517 3020 582 3092 est,
609 3010 715 3074 lexica
742 3020 810 3074 tum
835 3010 963 3073 demum
989 3008 1137 3073 adhibita
1159 3031 1245 3092 esse,
1273 3032 1350 3073 cum

236 3112 277 3176 de
297 3112 564 3196 interpretatione
586 3110 697 3197 aliqua
718 3110 818 3175 dubia
838 3111 1041 3175 consulenda
1060 3118 1185 3193 essent,
1201 3110 1236 3173 id
1259 3111 1363 3197 quod*

236 3213 358 3276 factum
388 3211 538 3275 videmus
570 3211 626 3274 Tr,
661 3215 737 3274 1161
774 3210 825 3273 ΕΙ.
856 3216 928 3275 451.
979 3211 1075 3292 Quod
1108 3213 1136 3275 si
1170 3212 1350 3277 lectoribus

234 3312 388 3399 probavi,
419 3310 507 3376 bona
527 3311 722 3376 scholiorum
750 3334 840 3398 pars,
866 3314 994 3399 quade
1018 3336 1116 3401 supra
1137 3316 1171 3378 in
1193 3314 1350 3378 disserta-

234 3417 323 3480 tione
342 3415 383 3479 de
406 3413 515 3478 lexico
529 3415 654 3498 tragico
670 3413 844 3499 disputavi,
864 3415 1045 3501 Didymum
1065 3427 1233 3503 parentem
1248 3438 1350 3501 agno·

236 3527 313 3600 scet,
336 3537 443 3603 neque
462 3517 532 3597 erit,
555 3536 613 3578 cur
628 3513 857 3580 addubitemus
872 3517 996 3581 Wolffii
1015 3519 1198 3605 Ritterique
1220 3528 1350 3583 senten·
1431 3588 1433 3591 ,

233 3619 325 3700 tiam,
349 3640 446 3704 equa
467 3612 504 3681 τὰ
536 3611 718 3701 ὑπόμνημα
741 3639 760 3681 a
782 3617 966 3682 scholiastis
989 3620 1123 3683 citatum
1144 3642 1164 3683 a
1185 3641 1346 3684 commen·

234 3721 328 3784 tariis
350 3720 524 3807 Didymeis
553 3718 818 3804 distinguendum
844 3742 910 3784 non
939 3729 1007 3801 est,
1036 3730 1069 3784 61
1095 3722 1157 3808 ipsi
1183 3722 1348 3808 amplecti,

233 3821 330 3885 modo
349 3822 385 3885 in
400 3820 462 3886 hoc
482 3821 640 3886 aRittero
664 3820 760 3906 longe
780 3821 1004 3903 discedamus,
1025 3824 1080 3908 qui
1101 3819 1139 3886 τὸ
1163 3818 1351 3907 ὑπόμνημα

234 3931 267 3985 61
275 3915 636 4007 ὑπομνημτισαμένους
644 3923 832 3988 confundat.
844 3922 970 4009 Nempe
978 3923 1011 3986 in
1019 3921 1270 4009 hypomnemate
1280 3924 1351 3989 lau·

235 4021 303 4085 dati
317 4032 410 4086 erant
422 4023 745 4109 hypomnematistae,
760 4026 794 4086 in
803 4024 1043 4087 commentariis
1050 4023 1224 4110 Didymeis
1232 4025 1350 4090 Praxi-

233 4122 357 4208 phanes
380 4124 617 4211 Aristophanes
640 4125 851 4191 Aristarchus
871 4124 945 4207 alii,
976 4127 1032 4212 qui
1054 4135 1086 4188 61
1107 4124 1350 4211 ἐξηγησάμενοι

232 4231 265 4285 61
287 4217 520 4301 ἁπαξάπαντες
540 4227 575 4289 ol
594 4222 659 4308 πρὸ
679 4221 774 4311 ἡμῶν
794 4227 940 4297 audiunt.
973 4228 1089 4314 Itaque
1111 4229 1249 4316 Didymi
1272 4240 1350 4294 sunt

231 4323 310 4385 Ant,
344 4327 416 4388 523.
447 4328 527 4390 1236
561 4325 613 4390 ΕΙ.
641 4332 715 4392 461.
746 4329 818 4391 488.
871 4329 937 4394 Sed
963 4331 1151 4395 decessores
1179 4331 1284 4394 nostri
1312 4333 1350 4395 in
