2932 5002
1174 439 1236 500 399

650 605 711 683 ιι.
745 702 750 708 ,

128 758 233 836 Περὶ
254 760 338 822 των
360 750 524 833 ἀξόνων
549 757 631 817 τῶν
653 751 847 828 Σόλωνος
873 746 1112 835 ἀντιγράφὴ
1135 747 1238 835 πρός

521 850 841 938 Ἀσκληπιάδην.

213 1010 300 1075 Plnt.
332 1010 442 1075 Solon.
472 1031 500 1074 o.
530 1014 543 1072 1
574 1011 641 1073 vol.
667 1010 683 1073 I
707 1033 740 1095 p.
770 1011 825 1072 161
857 1007 982 1072 Sinten.
1012 1004 1238 1092 Δίδυμοςὸ

129 1110 418 1196 γραμματικός
442 1110 488 1176 ἐν
515 1115 559 1197 τῇ
586 1110 680 1195 περὶ
706 1115 789 1175 των
807 1105 968 1188 ἀξόνων
992 1114 1072 1175 τῶν
1095 1110 1241 1176 Σόλων

128 1238 199 1291 νος
217 1209 452 1299 ἀντιγραφῇ
475 1211 578 1296 πρὸς
597 1210 913 1297 Ἀσκληπιάδην
926 1215 1132 1292 Φιλοκλέους
1146 1210 1239 1292 τινός

128 1316 259 1381 τέθεικε
281 1318 388 1397 λέξιν,
413 1315 450 1380 ἐν
476 1305 577 1401 ᾖτόν
599 1315 743 1382 Σόλωνα
765 1311 890 1400 πατρός
913 1312 1135 1400 Εὐφορίωνος
1153 1312 1240 1382 ἀπο-

128 1423 243 1503 φαίνει
264 1415 354 1500 παοά
376 1413 438 1502 τὴν
460 1423 528 1482 των
550 1414 663 1484 ἀλλων
684 1417 801 1502 δόξαν,
823 1413 898 1483 ὅσοι
920 1420 1104 1502 μέμνηνται
1120 1417 1240 1486 Σόλω-

130 1544 198 1597 νος.
240 1515 468 1603 Ἐξηκεστίδου
499 1517 564 1603 γὰρ
594 1513 698 1585 αὐτόν
728 1514 872 1595 ἅπαντες
899 1514 1032 1604 ὁμαλοῖς
1065 1523 1241 1606 γεγονέναι

129 1623 296 1705 λέγουσιν.

216 1724 433 1790 Execestidae
459 1724 562 1789 filium
590 1722 733 1810 appellat
757 1722 857 1807 Diog.
880 1723 940 1787 La.
964 1722 1150 1789 145Plut.
1174 1725 1241 1790 Sol.

134 1830 146 1888 1
177 1827 277 1891 Diod.
309 1825 374 1891 Sic.
406 1849 477 1891 exc.
498 1826 609 1891 Valeo.
637 1824 703 1890 vol.
731 1824 766 1888 ΙΙ
791 1848 823 1910 p.
853 1829 910 1888 551
939 1825 1080 1890 Wesscl.
1102 1827 1240 1918 Lucian.

131 1928 176 1992 D.
199 1928 245 1993 M.
268 1931 325 2012 20,
347 1934 367 1993 4
387 1929 403 1992 I
423 1952 454 2016 p.
478 1931 539 1994 238
562 1928 651 1994 chz.
695 1928 772 1992 vid.
795 1929 916 2013 Aegio.
937 1929 1068 2014 Menag.
1093 1930 1180 1995 obss.
1207 1932 1242 1995 in

131 2029 227 2114 Diog.
252 2030 292 2095 L.
317 2030 338 2094 l.
361 2030 384 2095 l.
405 2031 470 2096 vol.
493 2031 511 2094 I
534 2054 566 2117 p.
590 2033 651 2094 203
674 2029 765 2094 Hbu.
787 2068 830 2079 —
857 2030 1105 2118 Asclepiadem,
1128 2042 1242 2097 contra

130 2154 226 2220 quem
246 2133 377 2220 scripsit
393 2134 574 2221 Didymus,
604 2134 756 2197 novimus
779 2155 821 2197 ex
847 2142 890 2197 et.
914 2132 1000 2198 Gud.
1021 2156 1053 2219 p.
1078 2137 1139 2198 355
1158 2133 1243 2219 κύρ-

130 2238 201 2319 βεις
373 2230 676 2318 Ἀσκληπιάδης
707 2233 752 2299 δὲ
786 2234 829 2298 ἐν
855 2245 946 2312 τοῖς
972 2239 1053 2300 τόν
1080 2231 1243 2314 ἀξόνων

132 2337 396 2419 ἐξηγητικοῖς
418 2332 483 2402 ἀπὸ
496 2335 660 2422 Koudetos
681 2340 743 2401 τοῦ
763 2331 821 2413 τάς
843 2333 960 2414 οὐσίας
975 2338 1150 2424 (teocius)
1170 2335 1244 2422 ὁρί-

133 2454 271 2519 σαντος,
295 2431 340 2513 ὥς
362 2452 444 2519 φησι
462 2440 591 2513 Φανίας
610 2431 628 2500 ό
649 2431 810 2519 Ἐρέσιος,
832 2435 875 2500 cf.
897 2434 1007 2500 adnot.
1027 2437 1131 2501 adet.
1156 2439 1243 2504 Gud.

133 2563 165 2626 p.
188 2542 251 2604 940
275 2548 318 2603 et.
344 2561 386 2603 m.
410 2539 503 2603 Suid.
527 2538 635 2603 (iram.
659 2537 797 2602 anecdd.
819 2536 853 2600 II
874 2559 907 2621 p.
920 2540 993 2600 455.
1023 2537 1173 2603 Eundem
1196 2563 1245 2604 re·

134 2642 217 2727 spici
244 2650 321 2705 sunt
348 2641 405 2727 qui
431 2640 638 2726 suspicentur
662 2639 697 2703 iu
727 2638 829 2703 schol.
858 2639 900 2703 ad
923 2639 1025 2703 Arist.
1062 2639 1172 2705 Nubb.
1203 2645 1243 2707 37

133 2741 188 2806 καλ
216 2736 522 2824 Ἀσκληπιάδης
551 2736 569 2804 ὁ
595 2735 890 2823 Ἀλεξανδρεάς
915 2736 995 2817 τούς
1025 2737 1108 2806 κατά
1137 2744 1246 2826 δῆμον

133 2837 297 2925 ἄρχοντάς
309 2862 424 2928 φησιν.
450 2843 502 2908 cf.
514 2842 632 2907 Lehrs.
646 2842 825 2906 Herodian.
842 2864 904 2907 sor.
916 2843 981 2908 tria
992 2865 1024 2930 p.
1038 2847 1110 2908 446.
1124 2884 1166 2894 -
1188 2846 1244 2910 Se·
1295 2878 1296 2881 ¹

133 2945 397 3010 leuci'Homerioi
410 2945 529 3010 librum
540 2945 686 3031 Didymo
701 2945 742 3008 ad
756 2967 871 3009 manus
884 2945 987 3009 fuisse
998 2945 1168 3032 probabile
1184 2957 1243 3013 est.

663 3149 723 3231 12.

340 3298 443 3382 Περὶ
463 3303 532 3384 τῆς
554 3303 796 3385 Κικέρωνος
822 3306 1037 3379 πολιτείας

568 3405 807 3488 αβγδες

219 3555 398 3640 Didymum
421 3554 524 3620 Iubae
546 3557 616 3640 regi
639 3556 884 3638 litteratissime,
906 3556 989 3619 Afro
1005 3556 1156 3637 Varroni,
1179 3578 1247 3620 sae-

134 3658 208 3741 pius
230 3654 429 3718 obtrectasse
452 3655 521 3719 dixi
543 3658 578 3719 in
607 3665 779 3720 comment.
808 3657 825 3719 I
855 3666 888 3720 et
916 3656 960 3720 II.
1014 3656 1105 3721 Idem
1133 3655 1247 3720 adver·

136 3777 191 3818 sus
213 3755 380 3819 Ciceronis
403 3754 522 3838 libros,
550 3778 630 3842 quos
656 3756 698 3821 de
721 3756 890 3841 republica
912 3766 1152 3843 composuerat,
1175 3780 1247 3844 par-

135 3858 265 3937 turivit,
288 3864 352 3937 aut,
373 3863 410 3919 ut
430 3854 530 3919 Plinii
548 3856 658 3920 verbis
680 3866 763 3939 utar,
784 3856 917 3923 abortus
935 3859 1023 3924 fecit.
1045 3860 1178 3941 ‚Testis
1198 3869 1248 3925 est

136 3959 328 4021 Ammianus
356 3957 568 4022 Marcellinus
600 3958 705 4022 XXII
746 3961 799 4041 16,
832 3964 870 4025 16
906 3965 1012 4025 ‘Inter
1048 3984 1121 4041 quos
1155 3961 1246 4049 (Ale-

136 4060 332 4146 xandrinos)
365 4067 490 4124 eminuit
514 4066 660 4141 Didymus
686 4069 858 4142 multiplicis
886 4071 1027 4128 scientiae
1061 4071 1149 4144 eopia
1185 4067 1247 4152 (sic

137 4163 245 4245 Voss,
267 4160 337 4226 MS.
356 4163 460 4249 copti,
483 4162 615 4228 Gruter.
628 4173 741 4250 captu,
763 4164 874 4229 Voles.
899 4166 1046 4252 scriptia,
1069 4166 1111 4230 al.
1130 4167 1247 4253 coepti,

137 4262 257 4346 Angel.
281 4263 359 4328 Mai.
386 4264 491 4349 praef.
519 4265 562 4329 ad
592 4265 662 4331 cic.
693 4288 794 4354 remp.
818 4266 1013 4332 vocabulum
1035 4269 1168 4352 omittit)
1189 4289 1248 4333 me·

139 4371 301 4443 meretritio,
323 4374 375 4444 qui
396 4374 426 4430 in
446 4374 506 4431 iilis
533 4372 578 4431 VI
595 4374 693 4444 libris,
716 4372 873 4448 inquibus
890 4390 1110 4449 nonnumquam
1132 4379 1247 4451 imper-
