2948 5024
588 402 784 475 -Ξ-
1186 409 1244 470 153

220 576 293 637 229.
340 568 530 656 Ζηνόδοτος
555 569 608 634 καί
628 564 869 652 Ἀριστοφάνης
898 570 938 647 ἐς
966 570 1125 636 πόντον
1146 571 1246 657 ἐβή-

15 760 16 766 η
132 696 241 741 σετο.
260 673 315 739 καί
333 670 461 758 μήποτε
482 666 632 755 άμεινον.
659 671 700 735 Α.

220 779 292 840 235.
315 777 522 857 Ἀρίσταρχος
538 769 663 855 χάριν
684 771 771 836 είδέ
777 794 823 835 ω·
842 772 879 836 αί
894 769 931 836 δὲ
947 768 1113 855 δημάδεις
1127 774 1246 839 εἰδέω

134 875 269 961 χάριν.
293 880 335 943 Α.

219 982 290 1044 236.
312 971 436 1053 οὕτως·
456 970 525 1041 ὑπ’
550 969 736 1059 ὀφρύσιν
758 968 1007 1059 ἡἈριστάρχου
1026 973 1081 1039 καὶ
1099 969 1248 1060 Ἀριστο-

135 1079 275 1163 φάνους,
294 1081 350 1144 ἵνα
371 1068 392 1163 ᾖ
414 1073 454 1141 τά
473 1071 540 1142 ὑπὸ
562 1088 630 1154 τοῖς
648 1072 786 1161 ὀφρύσι.
808 1072 1000 1160 Ζηνόδοτος
1022 1070 1084 1141 ἐπ’
1108 1071 1244 1160 ὀφρύσι.

134 1184 174 1247 Α.
196 1183 324 1248 Deinde
340 1181 494 1245 Nicanor.

216 1285 288 1348 249.
302 1278 411 1359 οὕτως
423 1275 491 1346 κατ’
506 1276 657 1365 εὐθεῖαν,
667 1276 766 1345 ἄλλο
778 1276 847 1363 τιή
861 1279 946 1366 (καὶ)
953 1273 1164 1364 Ἀρίσταρχος
1178 1279 1245 1368 [καί

126 1376 355 1472 Ἠρφδιανός.]
386 1386 429 1449 Α.
456 1383 579 1448 Inclusi
603 1405 685 1471 quae
700 1383 820 1469 partim
836 1382 944 1447 aliena
961 1391 1052 1464 sunt,
1075 1391 1112 1447 ut
1126 1386 1159 1447 Κ
1170 1386 1244 1446 546.

215 1488 287 1550 255.
312 1487 396 1550 ἔνιοι
419 1481 560 1551 διόπων
583 1482 646 1550 δύο
670 1508 707 1548 οο
732 1480 903 1567 γράφουσι
927 1480 984 1550 Κό
992 1507 1053 1548 ον·
1073 1483 1129 1548 καί
1150 1487 1243 1550 Καλ-

128 1587 302 1667 λίστρατος
327 1586 549 1674 [Καλλίμαχος
573 1586 627 1675 V.]
652 1586 690 1650 ἐν
713 1597 781 1663 τοῖς
804 1586 1048 1668 διορθωτικοϊς.
1072 1587 1146 1651 AV.

213 1691 286 1752 259.
326 1684 435 1767 οὕτως
457 1690 494 1752 ἐν
518 1685 640 1763 πάσαις
666 1671 883 1770 δμήτειρα.
914 1680 1156 1771 Ἀριστοφάνης
1189 1686 1243 1752 καί

128 1785 320 1873 Ζηνόδοτος
341 1789 529 1875 μήτειρα.
558 1791 600 1854 Α.

215 1894 288 1956 285.
326 1886 565 1958 ὑπεσείετσ
586 1887 796 1976 Ἀρίσταρχος
818 1884 899 1975 ὑπό,
922 1884 991 1955 εἶτα
1007 1894 1159 1974 σείετο,
1180 1887 1241 1956 Ἰα-

129 1995 205 2070 mig.
245 1987 354 2070 οὕτως
375 1993 430 2059 καὶ
453 1992 643 2078 Ζηνόδοτος
665 1994 719 2059 καὶ
738 1989 989 2077 Ἀριστοφάνης.
1013 1993 1054 2058 Α.

214 2097 287 2158 295.
308 2092 480 2178 πρῶτόν
503 2118 592 2177 περ·
616 2090 724 2174 οὕτως
736 2092 958 2181 Ἀρίσταρχος,
980 2091 1076 2161 ἄλλοι
1094 2090 1130 2159 δὲ
1147 2093 1242 2179 πριό-

101 2211 251 2260 -τιστον,
274 2198 316 2261 Α.

213 2300 286 2362 299.
321 2302 403 2363 τῶν
423 2293 456 2363 κ’
478 2298 686 2384 ἐπιβαίης·
711 2296 900 2382 Ζηνόδοτος
920 2300 974 2365 καὶ
995 2293 1241 2383 Ἀριστοφάνης

128 2399 189 2477 ἔξω
209 2401 272 2463 τοῦ
292 2398 338 2464 κέ
356 2401 549 2484 συνδέσμου
574 2404 653 2466 τῶν
672 2402 878 2485 ἐπιβαίης.
905 2403 946 2467 Α.
1067 2478 1073 2493 ι

215 2504 363 2568 364-6.
388 2539 430 2549 -
449 2496 635 2585 ἠθετοῦντο
659 2496 749 2586 παρὰ
772 2500 961 2591 Ζηνοδότφ.
984 2505 1026 2568 A.
1060 2502 1239 2566 Duentzer.

126 2601 250 2666 Zenod.
273 2625 305 2687 p.
329 2605 360 2666 5.

213 2708 285 2769 310.
307 2702 545 2789 μετέπειτα·
570 2703 759 2789 Ζηνόδοτος
781 2705 836 2770 καί
855 2700 1098 2790 Ἀριστοφάνης
1119 2703 1240 2789 μετό-

128 2811 263 2871 πισθε.
287 2808 329 2871 A.

209 2910 280 2971 316.
314 2910 666 2993 περιπροχυθείς·
691 2910 855 2991 περισσοῖς
876 2911 1001 2992 χυθείς.
1036 2904 1115 2975 ὁδὶ
1135 2905 1239 2989 Ἰξίων

127 3007 249 3094 γράφει
270 3012 583 3093 περιπλεχθείς.
603 3010 645 3075 A.
799 3001 801 3004 ⁵

211 3114 368 3176 317-27.
393 3112 447 3175 καὶ
468 3106 710 3197 Ἀριστοφάνης
734 3111 923 3195 προηθίτει.
947 3117 988 3180 A.

78 3304 80 3307 Ι
208 3215 280 3277 322.
300 3206 511 3297 Ἀρίσταρχος
533 3217 681 3280 Μίνων
702 3208 870 3303 [Ἀττικάς
884 3216 937 3308 V.]
962 3210 1028 3281 σὺν
1047 3220 1093 3304 τῷ
1114 3241 1145 3301 ν,
1169 3223 1237 3303 Ζη-

126 3313 266 3392 νόδοτος
286 3315 386 3398 χωρίς
408 3319 470 3379 τοῦ
494 3340 524 3381 ν.
549 3317 590 3382 A.

208 3421 280 3481 340.
313 3413 502 3499 Ζηνόδοτος
524 3418 578 3483 καί
600 3411 842 3504 Ἀριστοφάνης
863 3418 959 3485 ἐπεί
980 3416 1030 3484 νύ
1053 3444 1115 3486 τοι
1139 3416 1238 3487 εὔα-

123 3517 144 3581 δ
151 3539 194 3582 εν
218 3511 359 3602 εὐνήν.
383 3517 425 3582 A.
898 3546 900 3551 ·

206 3621 278 3683 349.
303 3613 412 3695 οὕτως
428 3613 639 3703 Ἀρίσταρχος
658 3624 778 3704 ἔεργε
796 3617 858 3684 τόν
878 3625 944 3685 Δία
967 3618 1021 3683 καὶ
1043 3616 1235 3705 τηνἬραν.

122 3719 159 3785 ἐν
193 3721 231 3784 δέ
265 3734 354 3782 τισιν
383 3713 500 3801 άειρε
527 3720 581 3783 καὶ
611 3724 732 3801 ἕερπε
755 3714 812 3784 διὰ
835 3723 896 3783 τοῦ
915 3741 948 3783 π.
991 3722 1028 3782 ἑν
1050 3719 1087 3784 δὲ
1109 3725 1149 3805 τη
1171 3725 1235 3808 Χίηι

121 3822 252 3885 ἵκανε.
274 3814 479 3901 Ζηνόδοτος·
499 3813 553 3881 ἵν’
577 3815 655 3884 άπὸ
678 3814 834 3901 χθονός
860 3815 1138 3903 άγκαζὲσθην.
1162 3822 1204 3887 A.

110 3906 117 3923 ’
208 3925 280 3986 351.
304 3913 558 3984 ἀπέπιπτον·
583 3917 771 4002 Ζηνόδοτος
793 3917 1040 3984 ἐπέπιπτον.
1065 3923 1108 3986 Α.

209 4027 282 4087 376.
313 4024 397 4109 ἔχη·
418 4014 629 4105 Ἀρίσταρχος
649 4014 705 4085 διὰ
726 4021 784 4102 τῆς
804 4042 832 4083 ει
854 4019 1050 4104 διφθόγγου
1070 4025 1164 4107 ἔχει.
1189 4027 1231 4091 A.

205 4123 284 4188 ibid.
301 4132 350 4174 '-
372 4119 563 4208 Ζηνόδοτος
585 4121 622 4186 δὲ
645 4122 837 4205 προηδίτει.
858 4123 900 4189 Α.

206 4228 278 4291 382.
384 4227 457 4291 ἔνια
481 4221 517 4290 δὲ
539 4229 607 4290 των
629 4218 881 4307 ὑπομνημάτων
908 4227 1046 4290 δῶκεν
1073 4220 1149 4293 άντί
1170 4233 1233 4294 τοῦ

121 4323 282 4394 δόσκεν.
311 4329 366 4393 καί
389 4329 481 4393 ἔστιν
503 4319 784 4411 εόφραδέστερον.
806 4326 847 4392 Α.
865 4327 936 4414 (L.)
