2962 5018
1184 373 1246 434 265

133 547 174 611 G.
198 546 241 609 ad
263 544 316 608 Αἰ.
337 547 377 608 83
398 553 431 607 et
452 543 494 607 ad
517 543 595 607 Eur.
617 541 705 605 Med.
723 542 795 604 732.
825 540 972 622 Accedit,
995 539 1082 627 quod
1102 547 1246 602 veterem

132 647 223 711 illum
254 644 423 731 Sophoclis
453 645 660 729 interpretem
687 664 884 728 anonymum
913 642 1116 727 eundemque
1144 641 1246 704 nostri

133 746 321 832 interpretis
356 744 479 809 fontem
520 745 657 809 Homeri
695 754 761 808 tarn
794 744 1056 829 superstitiosum
1088 742 1248 807 fautorem

135 848 236 912 fuisse
257 846 494 931 cognoscimua
513 855 549 910 ut
566 845 748 910 obtrectare
760 846 870 909 Attico
887 843 1129 929 tragoediarum
1149 847 1248 933 scrip·

134 949 197 1013 tori
220 947 415 1011 suavissimo
439 946 592 1031 religioni
621 968 688 1010 non
709 945 855 1028 haberet,
878 944 983 1009 sicubi
1006 946 1039 1009 in
1063 945 1248 1012 fabularum

136 1049 344 1114 enarratione
366 1047 419 1112 vel
443 1057 676 1130 transversum,
699 1058 735 1112 ut
757 1050 858 1131 aiunt,
879 1070 1021 1132 unguem
1042 1046 1084 1111 ab
1105 1049 1249 1114 Homero

135 1173 193 1216 suo
221 1150 356 1215 auderet
385 1149 548 1213 recedere.
593 1149 701 1216 Schol.
728 1149 781 1213 El.
811 1151 873 1211 539
902 1143 1134 1232 λαμβάνουταί
1160 1174 1248 1227 τινες

135 1255 181 1341 (h.
205 1276 233 1317 e.
262 1251 383 1331 critici,
413 1252 467 1336 qui
496 1251 640 1338 Didymo
666 1254 792 1338 priores
822 1250 991 1335 vixerunt)
1022 1254 1084 1314 τοῦ
1107 1257 1249 1336 ποιητοῦ

135 1355 171 1421 ἐκ
194 1357 263 1418 τῶν
276 1348 484 1435 Ὁμηρικῶν·
512 1351 583 1417 ἐπεὶ
613 1353 740 1429 ἐκεῖνος
763 1356 842 1435 μίαν
867 1351 1042 1435 γεγονέναι
1065 1356 1111 1441 τῷ
1134 1358 1250 1419 Μενε-

135 1455 205 1543 λάῳ
227 1450 289 1538 τὴν
307 1449 487 1536 Ἑρμιόνην
509 1458 632 1538 φησίν,
665 1443 765 1532 οὗτος
795 1454 831 1519 δὲ
860 1456 1000 1531 διπλοῦς
1024 1449 1249 1538 ὁμομητρίους

135 1558 240 1642 φησὶν
260 1549 352 1642 αὐτῷ
370 1556 555 1637 γεγονέναι.
579 1551 669 1639 ὅμως
688 1551 744 1640 (οὐ
757 1556 836 1642 del.)
852 1565 1032 1637 συμφωνεῖ
1039 1548 1251 1640 αὖτῷἩσίο-

135 1663 208 1737 δος·
231 1651 270 1741 (ἡ
292 1652 404 1721 τέκεθ’
424 1652 604 1740 Ἑρμιόνην
626 1660 845 1742 δουρικλείτφ
862 1657 1040 1744 Μενελάῳ,
1062 1653 1251 1724 ὁπλότατον

136 1754 170 1824 δ’
194 1762 307 1824 ἔτεκεν
332 1757 568 1841 Νικόστρατον
588 1753 666 1836 ὄζον
680 1753 831 1842 ”Appen
875 1752 917 1821 οὐ
940 1759 1016 1840 περὶ
1036 1755 1192 1841 μεγάλων
1214 1757 1250 1822 δὲ

136 1864 173 1927 αλ
200 1865 351 1926 τοιαῦται
382 1861 565 1942 διαφωνίαν
589 1870 658 1936 τοῖς
684 1858 883 1943 ποιήμασιν,
913 1854 998 1924 ὥστε
1022 1857 1064 1923 οὐ
1087 1856 1178 1923 πάνυ
1200 1862 1254 1924 δεῖ

136 1958 251 2040 αὐτοῖς
269 1961 323 2026 ἐπὶ
345 1964 414 2025 τῶν
433 1957 597 2026 τοιούτων
616 1962 765 2044 ἐνοχλεῖν
778 1956 968 2044 ἀφεμένους
985 1964 1053 2024 τῶν
1068 1956 1251 2044 ἀναγκαιο-

138 2065 263 2147 τέρων,
291 2058 376 2144 άπερ
399 2073 605 2146 παρατηρεῖν
627 2064 737 2146 ἐχρῆν.
782 2066 886 2127 ταῦτα
918 2065 957 2127 δέ
987 2061 1055 2127 ἐστι
1082 2057 1122 2127 τά
1146 2057 1251 2146 ἠθικά

137 2166 192 2230 καὶ
217 2161 363 2250 χρήσιμα
384 2157 464 2246 ἡμῖν
490 2176 558 2241 τοῖς
580 2162 871 2249 ἐπιτυγχάνουσιν.
917 2163 1062 2248 Insignis
1084 2163 1137 2227 hic
1160 2165 1251 2229 loeus

137 2279 187 2335 est
208 2268 251 2333 ad
271 2267 500 2331 illustrandum
526 2266 626 2332 alium
648 2268 822 2332 manifeste
849 2266 936 2331 haud
957 2266 1081 2353 absque
1104 2275 1182 2331 nota
1204 2267 1251 2331 di·

137 2371 288 2448 missum,
316 2366 416 2431 schol.
436 2366 489 2430 El.
513 2373 574 2430 445
610 2363 651 2433 οὐ
675 2372 728 2433 δεῖ
748 2368 784 2433 δὲ
813 2370 1004 2451 διαφωνίαν
1025 2370 1138 2431 δοκεῖν
1165 2361 1251 2431 εἶναι

138 2465 223 2551 πρὸς
244 2462 483 2551 τὸνὍμηρον,
503 2467 577 2532 έπεί
596 2487 701 2551 φησιν
722 2470 850 2544 ἐκεῖνος
874 2471 909 2554 (δ
925 2471 1021 2554 535)·
1040 2463 1251 2551 (δειπνήσας,

139 2567 184 2649 ὥς
212 2572 260 2647 τίς
286 2593 322 2634 τε
341 2569 520 2634 κατέκτανε
542 2573 629 2653 βοῦν
652 2570 705 2636 ἐπὶ
726 2567 865 2654 φάτνη’.
910 2562 1006 2651 ἤρκει
1035 2562 1099 2649 γάρ
1126 2564 1166 2631 τά
1189 2563 1252 2633 ὅλα

139 2683 337 2756 συμφωνεῖν
357 2674 403 2757 τῷ
427 2666 605 2754 πράγματι.
638 2669 678 2736 τά
701 2666 764 2754 γάρ
786 2664 869 2735 κατά
891 2670 990 2752 μέρος
1012 2668 1165 2746 ἐξουσίαν
1186 2672 1252 2754 ἔχει

140 2774 279 2850 ἕκαστος
301 2767 346 2850 ὡς
367 2768 524 2856 βούλεται
545 2770 880 2855 πραγματεύσασθαι,
904 2773 934 2835 εί
954 2768 999 2855 μὴ
1022 2767 1059 2836 τὸ
1084 2774 1151 2836 πᾶν
1169 2769 1252 2855 βλά-

139 2900 205 2962 πτη
234 2879 293 2958 τῆς
322 2869 527 2950 ὑποθέσεως.
573 2874 626 2938 Cf.
661 2874 761 2939 schol.
793 2874 873 2937 Eur.
903 2873 984 2938 Hec.
1021 2876 1100 2937 1255
1124 2875 1164 2937 V.
1199 2875 1250 2939 ed.

140 2978 298 3042 Witzsch.
332 2976 428 3041 Adde
448 2975 548 3040 schol.
571 2976 614 3040 ad
632 2976 685 3039 El.
712 2979 723 3038 1
751 2969 977 3059 ἀπειρόκαλον
996 2973 1033 3040 τό
1055 2973 1176 3057 λέγειν,
1200 2969 1253 3038 ὅτι

140 3074 181 3145 δν
204 3075 333 3159 τρόπον
361 3073 400 3141 τά
431 3075 513 3142 κατά
541 3080 641 3162 μέρος
669 3081 727 3159 τῆς
744 3070 876 3161 Ἰθάκης
903 3070 1065 3160 ἡἈθηνά
1084 3078 1188 3154 ἔδειξε
1207 3080 1253 3164 τῷ

137 3177 301 3267 Ὀδυσσεῖ,
324 3174 432 3256 οὕτως
450 3182 518 3245 ἔδει
538 3179 593 3245 καὶ
615 3175 909 3261 τόυπαιδαγωγόν
924 3182 970 3266 τῷ
986 3175 1121 3264 Ὀρέστῃ
1138 3181 1252 3256 δεῖξαι.

141 3281 291 3347 Eustath.
322 3284 399 3364 656,
429 3286 469 3344 45
493 3282 522 3345 R
549 3280 650 3346 schol.
678 3281 732 3344 Ai.
763 3283 820 3344 731
853 3282 905 3346 El.
938 3286 1008 3346 157.
1050 3280 1252 3345 Vocabulum

141 3379 368 3467 ἀπειρόκαλον
398 3393 512 3448 contra
543 3384 717 3448 eustaticos
749 3392 781 3446 et
815 3383 934 3470 lytiecs
964 3385 1085 3448 dictum
1115 3384 1255 3446 recurrit

142 3485 242 3550 schol.
270 3485 324 3547 Ai.
351 3488 412 3548 497
437 3479 479 3549 οὐ
504 3485 558 3549 δεῖ
583 3485 619 3549 δὲ
648 3481 879 3567 ἀπειροκάλως
900 3488 1023 3568 ζητεῖν,
1053 3487 1101 3560 τίς
1123 3485 1254 3562 πρῶτος

142 3582 302 3668 ἐχρήσατο
331 3578 464 3661 ὅπλοις;
498 3585 614 3649 Lchrs.
644 3589 703 3650 Ar.
728 3610 761 3673 p.
788 3590 858 3649 152.
904 3585 1027 3650 Videor
1049 3583 1128 3647 mihi
1149 3584 1185 3645 in
1202 3581 1254 3646 his

143 3683 427 3750 observationibus
449 3685 630 3770 Didymum
651 3686 834 3749 Aristarchi
856 3687 953 3749 nimis
977 3685 1121 3749 sobriam
1140 3703 1254 3746 censu-

142 3807 213 3849 ram
233 3783 446 3866 castigantem
469 3784 670 3866 subodorari,
692 3787 757 3871 qui,
781 3785 1078 3849 lieetHomericum
1100 3783 1255 3870 loquendi

143 3908 238 3951 usum
261 3885 381 3970 optime
400 3892 520 3966 nosset,
543 3892 651 3948 tamen
672 3906 778 3971 neque
799 3886 833 3948 in
848 3884 946 3947 rebus
963 3884 1116 3969 mythicis
1133 3893 1166 3948 et
1179 3907 1254 3969 geo-

143 3987 308 4075 graphicis
330 4006 433 4072 usque
457 4006 584 4071 quaque
608 3987 687 4049 satis
706 3994 872 4049 versatum
894 4007 929 4047 se
950 3984 1137 4071 praeberet,
1168 3988 1255 4072 quod

141 4092 240 4157 etiam
260 4090 301 4153 E.
325 4089 364 4151 R.
388 4087 508 4172 Langii
530 4086 571 4150 de
591 4086 782 4151 Aristarcho
804 4086 867 4151 suit
886 4086 1058 4168 iudicium,
1080 4109 1197 4173 neque,
1220 4088 1255 4152 id

141 4191 228 4280 quod
259 4191 437 4256 maximum
456 4199 520 4272 est,
551 4198 720 4277 poetarum
748 4187 930 4274 elegantem
959 4196 991 4252 et
1011 4189 1253 4274 magnanimum
