2948 5024
635 396 822 457 -1—
1057 415 1060 417 ’
1215 397 1275 458 135

248 561 339 645 (526.
367 554 476 635 οὕτως
501 553 522 642 ἡ
545 552 675 642 γραφή·
697 554 872 643 εὔχομαι
897 555 1147 646 ἐλπόμενος,
1169 557 1211 628 οὐ
1232 558 1270 628 τό

164 661 330 726 ἐναντίον.
354 660 412 742 Α.)

250 763 323 827 528.
343 761 550 828 Aristonicus
573 756 741 827 ἀθετεϊται
755 801 799 813 -
818 767 963 846 είρηιιεν.
1006 762 1172 850 Didymus
1195 759 1213 830 ὁ
1234 767 1271 831 δὲ

164 860 354 948 Ζηνόδοτος
374 857 455 929 odet
479 864 629 947 ἔγραφεν
648 857 765 929 αὐτόν.
790 865 832 929 A.
1151 925 1154 932 ,

251 966 336 1053 (538.
360 959 468 1041 οὕτως
490 960 545 1030 διά
567 969 633 1031 τοῦ
656 989 685 1032 ει
712 961 750 1031 τό
780 969 819 1032 εί
838 961 916 1049 γὰρ
935 959 1035 1050 ἐγάν
1057 961 1125 1052 οἷς,
1154 968 1209 1034 καί
1236 964 1274 1035 τό

167 1061 336 1151 ἀγήρως
356 1062 412 1131 διά
434 1068 498 1131 τοῦ
519 1089 556 1131 ω.
578 1066 637 1151 A.)

246 1171 320 1231 557.
342 1168 568 1234 Aristonicus:
591 1162 760 1234 ἀθετείται
781 1207 826 1221 —-
843 1164 972 1234 εὐδίαν.
1016 1170 1182 1257 Didymus
1210 1164 1274 1236 οάιι

162 1268 323 1353 ἐφέροντο
344 1266 382 1335 δὲ
403 1266 484 1336 οὐδὲ
510 1264 601 1352 ιταρά
621 1267 810 1362 Ζηνοδότφ.
836 1269 951 1358 ήθίτει
979 1273 1017 1339 δὲ
1048 1269 1103 1337 ιιαλ
1125 1265 1275 1357 Ἀριστο-

158 1366 278 1456 φάνης·
298 1372 341 1437 Α·

700 1535 725 1602 L

241 1684 272 1742 4.
295 1675 466 1762 ἀνεμοι·
491 1669 512 1760 ή
533 1669 958 1764 Ἀριστοφάνειοςάνέμιυ
981 1682 1118 1759 δυίιιοὶς.
1141 1683 1183 1747 Α.
1269 1661 1272 1675 ¹

213 1833 216 1838 .
243 1784 274 1844 7.
298 1780 458 1865 ἔχευεν·
479 1780 591 1864 διχῶς,
610 1780 664 1846 καὶ
687 1776 743 1847 διά
765 1785 827 1848 τοῦ
846 1805 878 1866 α,
900 1784 1065 1865 ἔχευαν.
1089 1785 1131 1849 Α.

246 1885 294 1948 18.
317 1882 370 1968 με’
376 1905 425 1966 γα
442 1874 653 1966 Ἀρίσταρχος
674 1881 740 1950 σόν
760 1888 806 1972 τῷ
825 1901 853 1949 σι
868 1884 996 1968 μέγας
1017 1885 1118 1950 ABL.

244 1988 295 2049 23.
320 1988 371 2049 24.
397 1987 448 2048 25.
471 1979 562 2067 ιταρά
581 1981 760 2074 Ζηνοδότφ
783 1979 848 2051 οὐκ
859 1984 1021 2071 ἐφέροντο
1036 1987 1073 2052 οί
1088 1998 1191 2071 τρεῖς·
1212 1989 1269 2056 nul

152 2081 397 2173 Ἀριστοφάνης
416 2085 453 2151 δὲ
475 2079 599 2169 ήθίτει.
619 2087 720 2152 ALV.
764 2088 858 2153 Haec
876 2088 1053 2176 Didymus.
1087 2089 1268 2155 Aristonici

156 2197 232 2253 sunt
254 2209 338 2275 quae
366 2197 545 2275 sequuntur
574 2189 650 2253 inde
679 2184 1014 2255 ιι1ιάθετοῠνται-
1039 2187 1268 2275 ἐλαττώμασιν

156 2299 188 2354 et
208 2282 229 2373 ή
252 2291 353 2372 διειλή
374 2325 417 2338 -
437 2288 621 2374 Διομήδης.
664 2290 737 2355 Ηοο
759 2291 830 2358 loco
851 2301 884 2356 et
904 2297 934 2356 Λ
955 2294 1081 2357 78-83
1102 2313 1175 2358 meo
1197 2293 1269 2355 iurs

154 2413 253 2480 supra
272 2412 351 2455 usus
370 2414 452 2478 sum,
474 2401 511 2458 ut
527 2391 628 2457 schol.
651 2392 694 2457 ad
715 2397 744 2457 Θ
766 2396 838 2458 371.
863 2395 892 2456 2.
918 2396 990 2457 385.
1013 2395 1086 2456 528.
1108 2396 1182 2476 557,
1201 2391 1268 2455 alis

153 2494 187 2557 in
209 2493 292 2558 duas
309 2502 420 2582 partes
442 2493 682 2559 distribuerem.

240 2597 291 2659 33.
310 2589 523 2677 Ἀρίσταρχος
543 2589 599 2658 διά
620 2597 681 2659 τοῦ
703 2618 723 2677 η
742 2591 991 2678 μαχήσομαι·
1016 2593 1057 2657 Α.

238 2702 289 2763 36.
317 2691 427 2774 οὕτως
449 2690 660 2779 Ἀρίσταρχος
696 2689 800 2779 ήμὲν
832 2694 923 2758 νέοι
959 2688 1031 2778 ήδδ
1060 2693 1265 2777 γε’ρουτες.

154 2797 347 2883 γράφεσθαι
366 2797 406 2862 δέ
426 2815 510 2881 φησι
530 2796 586 2862 καὶ
607 2791 813 2880 ἡγήτορες
834 2789 906 2880 ήδὲ
927 2795 1137 2880 μέδοντες.
1156 2796 1198 2860 A.

237 2903 289 2964 57.
309 2889 332 2983 ή
349 2895 449 2983 μήν·
478 2895 532 2963 διὰ
554 2903 616 2964 τοῦ
637 2921 652 2962 ε
673 2899 710 2963 αί
726 2892 943 2984 Ἀριστάρχου
963 2887 986 2982 ή
1006 2896 1091 2983 μίν.
1114 2897 1156 2962 Α.

147 3075 149 3081 ¹
236 3005 286 3066 66.
313 2993 526 3087 Ἀρίσταρχος
554 2996 610 3067 διά
639 3003 701 3065 τοῦ
727 3023 748 3063 α
776 3003 1053 3086 φυλακτῆρας
1072 2993 1162 3078 τοὺς
1194 2999 1264 3085 φό-

151 3107 262 3181 λαιιας.
286 3103 327 3167 A.
922 3174 926 3184 .

235 3206 286 3268 73.
306 3205 343 3270 αί
359 3199 578 3288 Ἀριστάρχου
605 3199 713 3283 οὕτως
736 3199 825 3288 εἶχον
852 3198 908 3268 διά
936 3206 999 3269 τοῦ
1025 3198 1106 3288 γάρ,
1136 3202 1263 3268 πολέ-

150 3320 220 3370 σιν
243 3300 319 3390 γάρ
344 3300 564 3384 ἀνάσσεις·
607 3309 673 3390 ἔχει
693 3308 732 3373 δέ
752 3331 783 3372 τι
799 3299 983 3392 Ὁμηρικόν
1005 3306 1061 3372 καὶ
1083 3298 1104 3388 ή
1124 3300 1180 3369 διὰ
1200 3308 1262 3368 τοῦ

149 3406 204 3491 δέ,
225 3408 421 3474 πολέεσσι
443 3402 476 3472 δ’
500 3402 713 3487 ἀνάσσεις.
737 3409 779 3473 A.

234 3512 285 3574 78.
309 3510 550 3596 διαρραίσει
576 3505 622 3576 δι’
646 3508 721 3589 ἑνὸς
741 3534 761 3596 ρ
782 3511 819 3576 αί
834 3505 1063 3592 Ἀριστάρχου.
1089 3507 1133 3569 D.

234 3613 287 3676 86.
314 3605 379 3697 ἀμ’
403 3613 605 3697 δστειχου·
632 3606 844 3697 Ἀρίσταρχος
862 3605 943 3695 ἅμα
964 3618 1132 3689 στεῖχον
1156 3602 1260 3673 'Ium-

148 3716 224 3790 τοῖς.
246 3714 289 3780 A.
321 3714 413 3800 ›Leg.
432 3709 552 3792 Ἱακώς.

155 3872 158 3877 .
232 3819 284 3880 88.
305 3811 480 3899 δόρπον·
499 3810 710 3897 Ἀρίσταρχος
731 3807 813 3896 μετά
835 3815 898 3876 τοῦ
926 3834 947 3874 α
974 3807 1114 3891 δόρπα.
1134 3807 1175 3872 A.
1198 3803 1260 3876 ἀλ-

147 3922 233 3993 λοις·
255 3910 313 3982 διά
333 3921 396 3982 τοῦ
418 3941 439 3981 α
456 3912 591 3999 δόρπα
614 3915 650 3978 αί
665 3909 893 3997 Ἀριστάρχου.
931 3905 1069 3993 ἀκαιρος
1090 3903 1128 3973 δὲ
1149 3907 1260 3993 Ζηνό-

113 4074 116 4081 .
146 4019 245 4096 δοτος
266 4013 410 4103 γράφων
429 4020 597 4083 τίθεντο
616 4012 660 4079 δὲ
679 4016 801 4079 δαῖτα
822 4009 1023 4078 θάλειαν·
1046 4004 1173 4076 ἄτοπον
1194 4006 1259 4096 γὰρ

145 4116 319 4197 θαλιάζειν
339 4115 419 4196 τούς
440 4117 560 4184 πένθει
582 4111 711 4206 ἀτλήτῳ
733 4111 796 4199 τήν
817 4112 930 4199 ψυχήν
957 4114 1193 4200 βεβλημένους.
1216 4115 1257 4180 A.

231 4222 282 4286 89.
303 4214 492 4299 ἀολλέας·
513 4212 724 4304 Ἀρίσταρχος
743 4212 946 4303 ἀριστέας.
981 4218 1023 4281 A.

233 4325 304 4387 109.
325 4315 629 4406 ἀπεμυθεόμην
651 4314 758 4398 οὕτως
777 4314 996 4406 Ἀρίσταρχος.
1021 4320 1062 4386 Α.
