2962 5024
1215 420 1276 483 245

165 572 250 634 Mus.
278 571 349 634 crit.
368 571 523 658 Cantab.)
545 595 587 637 an
610 575 652 639 ad
673 599 706 640 v.
731 578 792 639 285
821 580 993 664 pertineat.
1038 582 1218 668 μέμφεται,
1240 596 1277 652 ut

166 695 227 736 em.
251 672 369 736 Valck.
396 674 438 738 ad
461 675 583 740 Phoen.
607 679 686 740 1286
707 702 739 765 p.
760 683 822 742 432
843 703 890 766 sq.
922 690 954 744 et
976 684 1054 746 citat
1076 684 1203 767 Elmsl.,
1222 687 1277 751 ha-

165 772 244 837 bent
265 773 353 838 Flor.
367 780 397 839 6.
418 779 466 857 15,
488 776 588 841 iidem
599 786 696 843 antea
717 774 798 864 μετά
819 784 920 845 τοῦτο
942 788 1001 868 pro
1022 780 1104 865 μετά
1126 791 1273 853 τούτον.’

165 872 280 939 Matth.

251 978 320 1063 (12)
346 979 417 1042 383
449 971 676 1061 ἢθηιιτάν·
706 971 773 1047 ωδε
796 987 906 1061 καλως
927 996 1043 1053 ιιείται
1089 991 1277 1075 Δίδυμος

165 1081 371 1195 σημειρῦτοιι,
392 1074 443 1144 ὅτι
466 1104 613 1158 κακωςο
596 1082 630 1146 οί
649 1076 828 1168 υποκριταί
839 1085 1024 1153 τάσσουσιν
1046 1088 1100 1154 ἐπί
1122 1093 1191 1155 τοῖν
1212 1093 1277 1158 θυ-

165 1190 219 1243 οίν
238 1175 274 1244 τὸ
295 1184 392 1267 σιγῇ
414 1180 606 1265 ὄόμουςε
616 1187 787 1270 ἐσβᾶσα,
816 1186 932 1252 παύσω
954 1181 975 1271 ἢ
999 1187 1116 1272 σφάξω
1140 1186 1275 1272 αύτούς.

164 1281 228 1345 Ηίο
248 1280 338 1344 loeus
360 1280 446 1368 fugit
467 1285 629 1349 Ritterum
647 1284 782 1373 Didym
808 1310 919 1375 opusc.
939 1313 971 1375 p
995 1293 1046 1356 39.

251 1382 321 1501 (13)
353 1386 424 1448 732.
455 1386 640 1469 Δίδυμος
667 1387 707 1451 δέ
729 1404 813 1471 φησι
840 1387 1062 1456 ἐλλείπειν
1027 1415 1089 1476 την
1111 1393 1242 1553 διά,
1227 1391 1273 1461 ια’

163 1510 184 1571 p
172 1472 262 1548 διά
285 1480 326 1548 τά
348 1483 652 1568 ἐπικηρυκεύματα.

250 1585 320 1671 (14)
347 1585 470 1651 Phoen.
499 1590 560 1650 748
585 1587 673 1675 Vp.
704 1592 763 1654 165
784 1591 829 1655 M.
862 1597 999 1674 γελοίως
1027 1594 1129 1662 τοῦτό
1158 1547 1276 1683 φησιν,

164 1681 210 1763 ὠς
230 1683 275 1771 μὴ
299 1680 348 1752 σίν
369 1690 436 1752 νῦν
452 1688 490 1751 ἐν
510 1692 550 1774 τῇ
573 1686 678 1753 πόλει.
723 1688 933 1773 πεφύλακται
956 1691 1050 1760 M
1015 1721 1073 1774 τας
1095 1693 1276 1781 ὀνομασίας

163 1783 278 1853 αύτων
300 1784 466 1872 είπείν,“
437 1813 483 1866 ως
507 1808 589 1874 φησι
612 1793 801 1875 Δίδυμος
820 1791 930 1859 διά
896 1820 933 1860 το
956 1790 1023 1863 ὑπο
1013 1792 1208 1884 Αἰσχύλου
1227 1804 1275 1866 εί

163 1894 287 1973 ρῆσθαι
309 1888 346 1952 ἐν
367 1901 436 1968 τοῖς
457 1887 538 1955 ἑπτά
560 1891 613 1956 ἐπὶ
633 1890 760 1977 Θήβαις
784 1891 928 1986 (αὐτοῦ).
965 1893 1082 1965 Αύτού
1111 1924 1173 1967 om.
1198 1901 1274 1984 Θου,

161 1990 229 2073 ubi,
246 1998 282 2056 ut
301 1992 335 2054 in
354 1992 489 2057 Baroce.
515 1997 566 2076 74,
589 1993 650 2058 hoe
673 1995 774 2061 schol.
798 1999 919 2062 rectius
936 2001 976 2064 sd
996 2024 1028 2065 v.
1048 2006 1102 2066 751
1123 2003 1274 2084 refertur,

162 2094 282 2157 omisso
309 2094 356 2158 θέ.
384 2133 427 2143 -
453 2094 545 2159 Haec
569 2095 762 2163 documento
788 2107 865 2163 sunt
895 2100 1066 2186 scripsisse
1092 2102 1274 2190 Didymum

163 2196 260 2258 etiam
283 2195 383 2261 schol.
407 2195 505 2283 Soph.
528 2196 581 2262 El.
603 2202 654 2264 62.

248 2297 318 2383 (15)
346 2300 424 2362 1748
444 2298 522 2385 Vp.
540 2302 600 2363 334
619 2301 664 2365 M.
689 2296 794 2384 πρὸς
815 2295 976 2384 ἥλικας·
996 2303 1185 2386 Δίδυμός
1206 2328 1275 2386 φη-

163 2414 196 2461 σι
217 2396 466 2482 συμβουλεύειν
496 2395 583 2486 αὐτῇ
605 2404 704 2465 τοῦτο
730 2405 883 2484 ποιῆσαι,
910 2402 967 2464 ἳνα
988 2402 1188 2485 ἐρανίσωσιν
1210 2399 1274 2467 αύ-

163 2496 234 2583 τήν.
279 2497 380 2565 οὐδὲν
408 2494 472 2582 γάρ
493 2496 677 2585 λαμβάνειν
701 2500 848 2580 ἐξιόντας
871 2498 1021 2583 ἐφόδιον.
1066 2494 1087 2583 ἢ
1111 2504 1167 2566 ἵνα
1189 2519 1274 2569 συν-

162 2599 294 2685 τάξιγται
323 2595 447 2676 αύταίς.

248 2704 317 2790 (16)
330 2703 388 2768 Or.
404 2701 587 2787 13691vp.
601 2704 720 2767 503M.
745 2695 978 2785 ἁρμάτειον
998 2702 1138 2786 μέλος·
1161 2698 1274 2787 τόἁρ-

161 2803 299 2887 μάτειον
314 2804 413 2886 μέλος
427 2796 445 2868 ὁ
458 2808 513 2871 Δί
517 2804 538 2868 ὃ
544 2800 625 2886 νμό
631 2829 648 2881 ς
663 2819 768 2886 φησιν
786 2797 996 2887 ὠνομάσθαι,
1018 2798 1071 2868 ὅτι
1090 2805 1127 2868 αί
1142 2798 1274 2888 άρχαῑαι

162 2906 326 2990 παρθένοι
360 2906 406 2981 είς
440 2900 520 2981 τούς
548 2899 725 2987 θαλάμους
758 2899 813 2968 ύιὰ
846 2909 915 2969 τῶν
946 2899 1106 2989 ἁρμάτων
1138 2900 1270 2989 ἤγοντο.
1317 2898 1330 2926 ’

162 3003 247 3072 ὅθεν
262 3007 310 3069 ἐτι
333 3004 388 3069 καὶ
402 3008 469 3070 νύν
490 3003 630 3090 πάροχοι
642 3005 796 3088 λέγονται
816 3000 881 3070 άπὸ
897 3010 960 3070 τοῦ
973 3019 1042 3085 τοῖς
1057 2999 1150 3091 ’ὄχεσι
1170 3029 1273 3089 παρε-

162 3110 296 3173 ύείσθαι
324 3107 456 3195 (Heath.
471 3114 718 3191 παροχείσθαι),
746 3103 791 3184 ὡς
812 3104 1038 3193 ἐπιθαλάμιον
1060 3108 1097 3173 ἐν
1118 3119 1188 3185 τοῖς
1205 3116 1273 3174 θα-

162 3207 287 3294 λάμοις.
314 3247 356 3258 -
384 3210 467 3274 ἐνιοι
499 3207 535 3274 M
564 3204 747 3294 ἁρμάτειον
774 3207 834 3276 τὸν
861 3208 996 3293 θρῆνόν
1026 3227 1108 3293 φασι
1132 3205 1193 3274 τὸν
1219 3209 1273 3277 ἐπὶ

162 3314 208 3399 τῷ
237 3308 390 3398 ἐλκυσμῷ
420 3312 481 3374 τοῦ
496 3305 653 3392 Ἕκτορος
678 3307 873 3393 γενόμενον.
915 3307 1167 3393 Ἀπολλόδωρος
1193 3305 1272 3375 Mb

162 3417 355 3495 Κυρηναῖος
382 3410 578 3496 ἐπιγράφει,
609 3412 717 3494 λέγων
750 3407 835 3477 εἶναι
858 3406 1022 3495 ἁρμόδιον
1044 3405 1198 3476 mov.
1244 3413 1276 3474 εί

162 3509 199 3578 M
220 3502 524 3596 ἧνπαρεπιγραφή,
547 3507 633 3591 ἅπαξ,
647 3506 690 3577 άν
708 3511 916 3597 ἐπεγράφετο
938 3508 975 3577 τό
1000 3508 1118 3576 ’Ἴλιον
1141 3505 1273 3574 άποίλε-

163 3622 245 3677 σεν.’
272 3613 357 3676 ἐνιοι
373 3613 409 3677 M
433 3609 493 3677 τὸν
510 3612 631 3696 Φρύγα
655 3613 715 3679 τόν
729 3610 982 3695 ἐκπεπηθηκύτα
997 3606 1164 3692 εύνούχον
1179 3612 1272 3692 φασί.

164 3709 244 3786 τούς
270 3709 307 3775 M
336 3705 521 3794 εύνούχους
547 3713 702 3790 ἐπιεικῶς
730 3709 931 3794 ὀξυφώνους
953 3706 1125 3793 ὑπάρχειν.
1148 3705 1185 3773 τὸ
1208 3698 1273 3772 οὖν

165 3809 329 3891 ὀξύτονον
356 3806 539 3894 ἁρμάτειον
569 3808 676 3877 αύτόν
705 3810 811 3894 φάναι
839 3809 895 3875 διὰ
927 3806 964 3875 τὸ
994 3808 1055 3875 τὸν
1088 3805 1274 3887 ὑπαξόνιον

164 3918 233 3980 τῶν
262 3907 422 3995 ἁρμάτων
450 3902 532 3995 ἦχον
560 3908 805 3995 ἀνατεταμένον
832 3934 867 3976 τε
895 3908 950 3976 καὶ
976 3906 1058 3989 ὀξύν
1081 3907 1176 3977 εἶναι.
1222 3905 1273 3976 ὅτι

164 4017 200 4083 M
225 4009 388 4098 εύνούχος
414 4003 473 4096 ἦν,
498 4018 619 4097 φησίν·
652 4016 765 4102 (1521)
791 4007 888 4077 ούτε
911 4013 987 4096 γάρ
1009 4011 1112 4097 γυνὴ
1137 4013 1274 4095 πέφυ-

165 4143 236 4197 κας
256 4110 342 4182 οὔτ’
367 4114 411 4180 ἐν
430 4110 608 4197 άνθράσι
630 4110 721 4199 σύγ’
748 4109 791 4180 εί.
837 4112 892 4179 καὶ
913 4113 1030 4179 πάλιν·
1064 4115 1176 4202 (1523)
1201 4109 1273 4192 ὀξύ

163 4215 241 4303 γάρ
270 4222 369 4303 βοῆς
400 4211 816 4299 ύπακούσανἎργος
839 4215 1105 4298 ἐξεγείρεται.
1152 4213 1214 4278 είσὶ
1236 4209 1274 4283 M

162 4322 217 4386 καί
239 4316 336 4387 ἄλλαι
352 4324 472 4404 αίτίαι,
495 4312 536 4397 ἁς
560 4317 727 4383 ἐκτίθεται
749 4311 768 4383 ὁ
788 4310 1092 4402 ύπομνηματιστὴς.
