2962 5018
1211 409 1272 472 289

160 567 320 653 Didyme,
351 576 386 630 ut
418 566 576 648 vidimus,
610 576 860 631 commemorata
896 570 930 632 in
958 569 1044 633 hunc
1066 592 1166 634 unum
1188 593 1272 635 com-

159 669 353 733 menterium
374 668 589 753 transscripta
613 667 745 731 fuerint.
791 668 906 756 Itaque
928 671 970 733 ad
990 665 1041 734 ὅτι
1064 666 1101 735 δὲ
1120 669 1271 755 συμβάλ-

159 776 250 835 λεται
269 768 487 852 subintellego
509 767 612 831 verba
640 762 708 833 ὑπὸ
731 772 800 833 τῶν
823 774 1268 856 προυπομυημαπισαμένων.

245 870 342 934 Hunc
366 870 466 953 igitur
487 868 625 955 Didymi
653 873 920 936 commentarium
943 873 1010 936 suis
1032 874 1270 960 interpretatio·

159 973 256 1037 nibus
279 972 372 1057 quasi
400 971 594 1033 incrustavit
619 972 833 1057 Symmachus
862 974 1092 1056 Atheniensis,
1122 975 1157 1039 id
1184 976 1271 1061 quod

161 1097 178 1135 e
210 1072 311 1137 schol.
342 1073 400 1134 Ar.
427 1072 514 1133 Avv.
550 1074 589 1135 58
619 1074 760 1156 conicio,
791 1073 849 1138 ubi
876 1097 959 1161 quae
989 1074 1142 1160 leguntur
1169 1075 1272 1139 verba

160 1174 280 1239 ἐποποῖ
301 1169 483 1255 Σύμμαχος
511 1171 578 1237 καί
606 1175 758 1258 Δίδυμος
786 1173 1107 1256 προπαροξύυουσιυ
1136 1199 1154 1240 e
1180 1198 1269 1241 more

158 1277 443 1361 grammaticorum
463 1274 528 1336 nisi
549 1273 634 1338 hanc
656 1276 689 1338 in
712 1278 905 1341 sententiam
928 1277 1099 1364 explanari
1116 1300 1182 1343 non
1198 1300 1270 1364 pos·

159 1385 248 1442 sunt:
295 1376 494 1461 Didymus
538 1395 558 1438 a
598 1373 836 1461 Symmacho
873 1375 1061 1442 adscitus
1100 1388 1140 1442 et
1178 1379 1269 1465 ipse

158 1475 470 1564 Symmachus¹).
493 1475 627 1539 Rectius
651 1472 751 1561 igitur
772 1478 812 1540 0.
826 1475 1045 1542 Schneiderus
1067 1501 1099 1565 p.
1118 1483 1158 1545 98
1176 1484 1197 1561 ξ
1218 1483 1266 1544 19.

158 1581 198 1642 20
223 1580 325 1664 (Avv.
355 1577 449 1660 1001)
472 1576 528 1639 Fr.
553 1576 679 1640 Rittero
700 1577 780 1642 Did.
805 1599 915 1663 opusc.
940 1601 971 1664 p.
986 1583 1020 1640 41
1049 1589 1081 1643 et
1102 1579 1143 1644 (δι’.
1167 1580 1267 1644 Bern-

157 1681 282 1766 hardyo
307 1679 365 1743 Gr.
389 1677 450 1741 litt.
480 1676 556 1739 hist.
580 1700 611 1763 p.
634 1681 712 1760 998,
740 1701 935 1765 quemquam
961 1701 1027 1743 non
1048 1680 1172 1745 infitior
1194 1703 1269 1745 con-

158 1782 293 1844 trarium
321 1800 338 1842 e
365 1777 466 1842 schol,
495 1777 579 1841 Plut.
613 1782 692 1842 1130
725 1773 815 1844 οὕτω
844 1779 911 1845 καί
937 1782 1089 1862 Δίδυμος
1118 1781 1269 1844 οουοῙαδί

158 1902 265 1967 posse.
309 1879 402 1942 Haec
425 1880 512 1943 enim
534 1878 620 1944 hunc
643 1882 676 1943 in
699 1880 831 1945 modum
855 1882 1062 1969 interpretari
1085 1883 1207 1967 possis,
1233 1890 1270 1946 ut

159 1982 350 2062 scholiasta,
374 1982 430 2067 qui
446 1981 676 2067 Symmachum
696 1981 841 2066 Didymo
864 1984 1120 2047 consentientem
1142 1984 1268 2068 conspi-

92 2090 94 2093 ’
158 2092 261 2165 ceret,
283 2083 333 2146 his
356 2084 439 2167 ipsis
459 2081 570 2147 verbis
593 2083 804 2165 indicaverit,
832 2084 919 2148 nolle
942 2106 992 2167 se,
1016 2106 1057 2147 ne
1079 2084 1131 2148 bis
1154 2083 1268 2149 eadem
1354 2076 1360 2081 ’

158 2193 325 2271 recoquat,
359 2184 541 2269 Didymum
565 2184 767 2266 exscribere,
803 2193 839 2248 ut
870 2184 992 2249 factum
1025 2207 1097 2249 esse
1124 2185 1267 2249 vidimus

158 2289 255 2351 ctiam
277 2287 311 2349 in
334 2285 447 2349 scholl.
472 2286 514 2350 ad
537 2284 576 2348 Il.
600 2285 715 2348 Venet.
761 2284 826 2349 Sed
848 2295 984 2371 possunt
1005 2289 1103 2350 etiam
1123 2283 1268 2370 Symma-

158 2388 211 2451 chi
239 2384 341 2470 verba
364 2407 453 2466 esse,
485 2388 541 2473 qui
569 2386 611 2448 ad
640 2386 727 2448 Avv.
760 2388 841 2447 1002
869 2396 980 2471 aperte
1002 2386 1139 2472 Didymi
1166 2386 1269 2450 verba

158 2487 361 2552 continuavit
395 2495 452 2549 aut
475 2488 681 2551 continuasse
706 2483 813 2547 videri
841 2485 958 2566 voluit,
988 2486 1149 2571 siquidem
1168 2483 1208 2549 τὰ
1229 2483 1267 2548 δὲ

159 2587 232 2671 ἑξῆς
255 2582 437 2668 ἀδιανόητα
465 2585 567 2671 ipsius
590 2583 728 2670 Didymi
755 2605 826 2648 esse
852 2607 870 2648 e
900 2584 1001 2649 schol.
1032 2586 1152 2671 Vespp.
1187 2589 1289 2650 1300ἶ

159 2690 244 2754 Plut.
261 2692 323 2753 806
342 2696 430 2751 recte
452 2685 631 2751 coniecisse
654 2682 801 2747 videbor.
1138 2755 1145 2768 ·

244 2790 310 2854 Sed
341 2811 428 2853 nunc
457 2810 523 2852 non
551 2786 584 2850 id
613 2786 756 2869 agimus,
789 2793 825 2848 ut
854 2787 972 2848 iterum
993 2786 1148 2851 rimemur
1170 2809 1266 2873 quae·

158 2893 296 2956 ationem
319 2888 552 2954 aSchneidero
570 2885 785 2974 profligatam,
807 2896 915 2950 utrum
936 2886 1113 2951 scholiasta
1129 2888 1164 2951 in
1183 2911 1268 2952 oom-

156 2992 316 3080 portando
344 2989 510 3055 volumine
537 3010 595 3052 suo
624 2986 817 3073 Symmacho
842 2986 1052 3074 Didymoque
1080 2989 1267 3054 auctoribus

157 3117 236 3159 usus
261 3095 312 3174 sit,
333 3115 374 3156 an
389 3089 527 3176 Didymi
549 3090 660 3176 copias
684 3111 726 3152 ex
746 3088 802 3153 illo
826 3089 955 3153 demum
975 3092 1124 3174 cognitas
1145 3090 1266 3155 habue-

157 3197 216 3277 rit,
254 3194 312 3258 sed
342 3203 378 3257 ut
409 3191 582 3256 fulciamus
608 3191 696 3277 quod
724 3190 883 3280 diximus,
916 3190 1043 3256 scholia
1074 3193 1265 3278 insignioris

157 3297 324 3362 doctrinae
358 3292 533 3358 luminibus
567 3292 721 3357 distincta
750 3315 768 3357 e
798 3292 1005 3358 Chalcenteri
1033 3295 1265 3359 commentario

156 3406 288 3484 recepta
310 3418 397 3476 esse,
428 3394 546 3482 quain
572 3415 607 3457 re
630 3392 851 3479 explananda,
884 3395 957 3479 quis
980 3394 1112 3458 tandem
1135 3395 1203 3458 dux
1224 3393 1264 3457 Ο.

157 3499 356 3563 Schueidero
377 3518 436 3583 par
456 3503 563 3581 potest
577 3495 719 3557 inveniri
734 3495 885 3559 itineris?
905 3495 1051 3558 Primum
1069 3496 1168 3579 igitur
1183 3515 1264 3580 quos

156 3597 239 3661 alios
256 3597 392 3661 aliorum
407 3604 576 3680 poetarum
586 3595 674 3658 locos
692 3595 853 3679 inspicere
875 3595 1035 3676 iubemur,
1057 3595 1082 3657 ii
1095 3614 1206 3657 omnes
1222 3593 1264 3656 ad

156 3696 337 3782 Didymum
353 3715 413 3758 nos
433 3703 548 3779 sponte
570 3694 747 3757 abducunt.
792 3693 900 3759 Schol.
922 3694 1009 3759 Plut.
1033 3699 1052 3758 9
1075 3694 1118 3757 ad
1130 3693 1265 3757 Pindari

156 3796 424 3862 commentarium
453 3794 665 3858 emundamur
696 3793 749 3857 his
780 3789 821 3857 wi
848 3790 910 3876 μὲν
937 3792 1014 3875 περὶ
1040 3794 1101 3857 τοῦ
1127 3794 1265 3856 Πυθίου

156 3899 314 3980 τρίποδος
342 3892 514 3978 διαφόρως
541 3890 763 3977 ἱστορούμενα
792 3893 829 3958 ἐν
857 3904 925 3970 τοῖς
947 3889 1125 3973 Πινδάρου
1145 3886 1266 3974 ὕμνοις

227 4070 253 4136 1)
277 4069 381 4135 Lysist.
401 4068 452 4119 313
474 4063 602 4132 Δίδυμος
625 4063 673 4115 aul
692 4057 835 4129 Κραπερός
858 4065 885 4114 h.
904 4081 927 4115 e.
953 4066 1058 4116 Crateri
1080 4065 1265 4130 psephismata

157 4171 173 4205 a
185 4155 302 4220 Didymo
315 4155 410 4204 citata.
422 4154 499 4207 Serv.
512 4154 594 4220 Verg.
606 4154 673 4206 Aen.
684 4153 723 4203 IV
733 4152 793 4202 acl.
805 4152 949 4216 ‘Didymus
961 4149 1153 4201 etNicantler’.
1172 4148 1263 4200 Schol.

156 4240 246 4304 Apoll.
264 4241 315 4295 Rh.
334 4242 348 4291 1
368 4239 444 4291 1138.
464 4227 592 4295 Εὔπολις
609 4234 668 4289 καί
685 4234 823 4301 Δίδυμος,
843 4236 933 4287 Schol.
952 4236 984 4289 Il.
1005 4235 1031 4285 Γ
1046 4238 1096 4287 242
1115 4225 1192 4298 παρὰ
1208 4232 1264 4283 Πο-

156 4318 258 4389 ιῑίμανι
277 4321 414 4384 καὶτοῖς
432 4324 579 4382 αυκίιιιοίς
597 4352 632 4363 -
649 4320 708 4374 καί
727 4314 805 4387 παρὰ
818 4314 956 4387 Ἀλκμᾶνι.

210 4431 369 4474 moruus.
1021 4401 1059 4463 19
