2932 5002
1194 419 1255 480 363

142 588 245 671 Harp.
272 588 328 665 99,
355 588 391 647 13
421 585 513 647 Serv.
538 584 579 647 ad
598 584 682 647 Aen.
704 584 752 647 IV
774 586 830 649 261
856 584 925 671 lp.
951 587 1012 647 275
1035 584 1128 648 Lion.
1148 592 1189 648 et.
1212 608 1254 650 m.

147 692 214 772 148,
237 684 418 773 8(Suid.1
445 688 452 745 l
477 710 507 774 p.
531 688 592 749 383
615 685 741 773 Bhd.?)

685 876 715 937 6.

227 993 283 1056 Ex
300 992 414 1057 eodem
431 991 567 1078 Didymi
590 991 755 1054 volumine
777 990 944 1054 fluxerunt
962 991 1070 1072 etiam,
1092 991 1126 1053 ni
1149 989 1255 1073 fallor,

143 1094 288 1182 quaeda
310 1104 403 1157 sexto
425 1093 565 1180 quodam
581 1091 734 1179 Apolline
750 1093 915 1177 Magnetis
939 1091 1017 1174 filio,
1040 1100 1150 1155 nostro
1173 1099 1256 1155 teste

144 1196 319 1276 advocato,
338 1195 473 1258 tradidit
498 1193 649 1258 Clemens
671 1193 768 1256 Alex.
789 1216 821 1279 p.
848 1197 901 1275 14,
924 1197 942 1255 5
965 1192 1057 1278 Sylb.
1081 1186 1098 1256 ὁ
1122 1192 1158 1256 δὲ
1180 1197 1256 1256 Δι’-

144 1300 271 1380 ὃυμος
294 1289 311 1359 ὁ
333 1292 558 1379 γραμματικὸς
580 1294 713 1372 τούτοις
736 1293 835 1359 ἕκτον
856 1294 1007 1377 ἐπιφέρει
1029 1287 1089 1357 τὸν
1110 1290 1256 1375 Μάγνη-

144 1424 208 1475 ιος.
255 1399 305 1463 Cf.
332 1398 438 1461 Cicer.
462 1397 502 1461 de
522 1406 588 1460 nat.
611 1396 700 1461 deor.
725 1397 872 1478 11135.
896 1399 947 1460 57.
992 1394 1146 1460 Alectora
1165 1395 1256 1478 Mag-

144 1503 228 1566 netis
251 1509 370 1564 norunt
391 1498 491 1563 schol.
513 1497 552 1561 ll.
575 1497 602 1560 B
627 1501 698 1561 756.
745 1496 801 1563 Sol
824 1520 902 1563 vero
926 1499 1087 1562 vocitatus
1109 1507 1158 1562 est
1179 1498 1256 1563 Ale-

144 1614 213 1668 ctor
234 1603 304 1667 sive
327 1599 470 1664 Elector.

677 1805 714 1885 2.

472 1933 855 2021 Μεινμορφεόσεις.
880 1939 927 2025 (l)

687 2093 714 2152 l.

227 2219 342 2304 ltaque
370 2217 450 2280 haee
478 2224 631 2303 quattuor
656 2215 840 2301 fragmenta
864 2239 929 2280 non
962 2215 1075 2281 dubito
1107 2217 1185 2304 quin
1215 2239 1257 2279 ex

143 2343 191 2400 eo,
218 2319 259 2382 de
281 2342 345 2404 quo
367 2321 504 2402 agimus,
524 2317 661 2404 Didymi
684 2317 768 2383 libro
789 2318 937 2404 prolecta
959 2319 1034 2381 sint.
1078 2316 1256 2381 Lubricum

142 2443 220 2483 vero
243 2419 398 2482 iudicium
418 2428 467 2482 est
485 2418 525 2482 de
548 2417 648 2481 schol.
672 2417 713 2481 ad
732 2418 829 2481 Hom.
849 2418 970 2505 Odyss.
988 2420 1081 2483 3797
1099 2417 1183 2504 (Pal.
1196 2418 1253 2498 Q.)

144 2520 291 2585 Eustath.
313 2544 345 2606 p.
373 2521 467 2601 1422,
490 2524 507 2581 7
534 2517 596 2604 162,
622 2518 674 2605 45]
700 2521 890 2602 Δίδυμος
914 2517 951 2583 δὲ
975 2513 1153 2603 ’Λμεράκιν
1174 2519 1256 2602 φησι

143 2617 457 2705 προσαγορεύεσθαι
489 2615 550 2700 τὴν
571 2613 775 2701 Πηνελόπην
797 2612 817 2703 ἢ
837 2616 1014 2702 Ἀναριιίαν
1039 2615 1255 2707 (Ἀμειριὶιιην

142 2717 355 2807 ἧἈρνακιάν
378 2720 545 2802 Eustath.,
567 2713 723 2799 Ἀρναῖαν
746 2721 855 2785 Tzetz.
874 2722 954 2810 Lyc.
974 2721 1049 2806 792)
1075 2725 1254 2786 Ναυπλίου

141 2823 177 2889 σὲ
200 2827 358 2910 ῥίψαντος
386 2817 493 2905 αὐτὴν
520 2824 566 2897 εἰς
595 2817 768 2885 θάλατταν
797 2818 853 2886 dcci
880 2818 1003 2906 ποινὴν
1029 2821 1255 2906 Παλαμήδους

141 2922 207 2991 ὑπὸ
232 2922 435 3009 πηνελόιιων
458 2916 565 3004 αὐτὴν
593 2930 763 2987 σωθεῖσαν
784 2917 892 3000 οὕτως
914 2916 1165 3007 ὀνομασθῆναι.
1196 2924 1254 2988 Su·

141 3030 248 3113 spicer
271 3027 407 3112 Didymi
428 3024 550 3089 fontem
573 3047 645 3087 esse
663 3025 895 3110 Lysimachum
917 3025 1057 3091 fortasse
1079 3049 1099 3090 a
1118 3025 1255 3089 Mnasea

140 3128 310 3191 Patarensi
338 3128 483 3190 citatum.
524 3126 587 3189 Hic
615 3127 701 3189 enim
729 3149 794 3191 non
823 3129 912 3214 prius
940 3128 1053 3193 audita
1085 3126 1187 3192 multa
1213 3127 1253 3192 de

140 3227 239 3292 Ulixe
262 3229 396 3314 eiusque
424 3229 578 3314 prosapia
598 3228 755 3291 narravit.
800 3228 852 3294 Cf.
875 3231 995 3295 Athen.
1018 3231 1067 3293 IV
1088 3254 1120 3317 p.
1145 3231 1203 3292 158
1220 3228 1252 3291 D

140 3329 288 3393 Eustath.
313 3330 434 3415 Odyss.
457 3328 522 3392 XV
547 3329 605 3391 118
628 3352 662 3414 p.
687 3332 776 3411 1796,
802 3335 837 3395 ll
863 3331 994 3418 (Stiehl.
1018 3332 1039 3395 l.
1060 3353 1088 3395 e.
1108 3354 1140 3416 p.
1163 3331 1250 3414 107).

223 3431 477 3495 Verumtamen
502 3430 583 3495 haee
605 3431 769 3518 Didymus
804 3457 880 3498 num
908 3436 942 3497 in
963 3434 1141 3498 Homerum
1169 3452 1253 3495 com·

139 3541 300 3595 mentatus
322 3554 363 3596 an
383 3533 416 3595 in
438 3532 521 3597 libro
545 3534 654 3618 aliquo
674 3533 842 3598 historiam
861 3535 1042 3599 fabularem
1066 3535 1252 3596 continente

137 3631 325 3712 tradiderit,
360 3634 436 3696 sciri
467 3634 590 3719 nequit.
613 3670 655 3680 -
683 3634 735 3696 De
763 3635 944 3720 Penelopes
968 3634 1153 3698 nominibus
1174 3634 1252 3719 quid

138 3740 277 3794 statuam
303 3731 438 3795 fluctuat
466 3735 602 3797 animus.
658 3727 876 3816 Ἀμαρακίνη,
910 3734 1055 3798 mulieris
1084 3757 1202 3799 nomen
1232 3756 1252 3797 a

137 3832 216 3896 tlore
246 3832 370 3913 fictum,
397 3834 537 3896 occurrit
563 3856 614 3920 ap.
640 3833 831 3921 Aleiphrou.
863 3858 912 3922 ep.
936 3835 1251 3922 11137,qu0dhie

137 3935 169 3996 in
201 3955 334 3996 censum
366 3937 480 3999 venire
508 3958 604 4020 posse
632 3959 698 4000 non
717 3937 857 4001 videtur.
899 3932 1049 4017 Ἀρναῖος
1068 3938 1249 4002 Ithacensis

135 4035 276 4099 mendici
308 4036 354 4099 ni
388 4036 449 4099 fuit
478 4058 595 4099 nomen
624 4037 744 4124 Odyss.
775 4038 823 4101 VI
851 4044 880 4102 5.
925 4039 970 4101 At
998 4039 1076 4124 quid
1102 4060 1175 4102 eum
1196 4038 1250 4102 Iro

137 4136 348 4224 Penelopae?
385 4136 512 4201 Natalis
534 4138 651 4203 Comes
671 4139 807 4225 Mythol.
830 4165 862 4227 p.
884 4145 946 4204 935
964 4135 1099 4218 Ἀρναῖιι
1121 4140 1250 4204 derivat

136 4236 177 4301 ab
201 4235 398 4322 ἀρνεῖσθαι,
429 4245 527 4318 ‘qaod
543 4262 609 4303 eam
632 4246 901 4320 nollenledacare,
930 4265 996 4307 eum
1020 4237 1248 4323 ἀρνεῖσθαι

135 4343 273 4415 refutare
293 4355 322 4405 ct
339 4347 471 4405 abnuere
491 4348 665 4422 εἰρινέοισι)
710 4342 840 4407 Deinde
859 4345 982 4437 pergit:
1006 4349 1100 4409 ‘Mox
1119 4351 1249 4428 deposito
