2962 5024
612 426 812 487 -Ω-
1211 443 1270 505 179

247 586 319 649 636.
352 583 626 668 παυσώμεθα·
651 584 759 666 οὕτως
778 586 989 678 Ἀρίσταρχος
1010 593 1084 663 ἄντί
1105 607 1167 664 τοῦ
1188 597 1269 667 ἀνα-

160 684 380 768 παυσώμεθα.
410 680 556 772 ἀπρεπὲς
577 683 642 773 γὰρ
664 686 702 755 τδ
721 690 832 775 λέγειν
854 692 915 760 τδν
936 701 1091 782 Πρίαμον
1109 703 1270 785 ταρπώ-

158 793 272 869 μεθα.
296 788 338 850 A.
364 787 422 874 (cf.
446 789 535 875 AV.)

244 892 316 954 648.
338 883 448 967 οὕτως
466 885 676 976 Ἀρίσταρχος
698 890 905 978 στόρεσαν
926 899 1060 977 δυίκεός.
1084 901 1123 967 Β.

239 995 311 1056 663.
331 985 542 1076 Ἀρίσταρχος
562 991 670 1077 μάλα
692 993 843 1079 γάρκαὶ
862 992 904 1063 οὐ,
925 995 1034 1082 μόλα
1053 1002 1106 1067 δέ.
1128 1004 1170 1068 A.
1194 1004 1269 1091 [Δί-

157 1093 263 1176 δυμος
284 1088 390 1176 μάλα
411 1092 507 1178 γάρ,
528 1089 569 1161 οό
588 1097 636 1162 δέ.
657 1097 712 1184 V.]

240 1199 311 1257 701.
347 1191 524 1262 ἑσταότ’·
554 1192 765 1281 Ἀρίσταρχος
788 1195 932 1277 ἑστεῶτ’.
959 1203 1001 1267 A.
1050 1204 1162 1290 [διχῶς
1183 1200 1267 1270 δέὸ
1390 1290 1394 1297 ἢ

155 1294 293 1377 ποιητής
316 1314 409 1379 φησι.
435 1299 488 1388 V.]

239 1399 311 1462 725.
335 1399 525 1481 Ζηνόδοτος
544 1403 645 1466 νέον
666 1396 783 1466 ω’λεο.
807 1403 848 1466 A.

240 1503 323 1580 [753.
346 1494 536 1584 Ἀντίμαχος
557 1499 884 1585 μιχθαλόεσσαν.
908 1505 961 1586 V.]

695 1692 733 1771 2.

318 1833 645 1922 Hypomnemata
667 1840 706 1902 in
729 1838 893 1904 Homeri
916 1839 1096 1904 Iliadem.

693 1996 707 2054 1

237 2105 345 2170 Schol.
371 2106 468 2173 Hom.
498 2107 538 2172 Il.
566 2113 599 2171 Δ
622 2112 683 2173 399
712 2105 799 2187 Ζεύς
826 2104 1032 2194 παραλαβών
1056 2105 1118 2192 την
1140 2109 1177 2173 ἐν
1199 2107 1261 2175 οὐ·

152 2211 243 2294 ρανῷ
270 2209 437 2291 διοίκησιν
464 2212 631 2291 περισσῶς
656 2214 697 2295 τη
727 2210 893 2297 παρρησίᾳ
915 2210 1032 2294 ἐχρῆτο
1061 2205 1168 2275 πολλὰ
1197 2207 1260 2277 αό-

150 2305 242 2392 θόδη
264 2305 564 2394 διαπρασσόμευος.
587 2313 765 2376 Ποσειδῶν
786 2307 824 2376 δέ
842 2309 898 2377 καί
911 2306 999 2395 Ἥρα
1017 2308 1072 2376 καὶ
1089 2305 1260 2377 Ἀπόλλων

101 2460 112 2476 .
152 2396 337 2493 ἐβούλοντο
365 2403 471 2476 αὐτὸν
494 2410 656 2494 δήσαντες
678 2406 852 2488 ὑποτάξαι.
898 2412 994 2489 Θέτις
1022 2407 1058 2476 δέ
1087 2405 1259 2477 ἀκούσασα

151 2504 241 2592 παρὰ
267 2509 474 2592 τοῦπατρὸς
501 2515 642 2596 Νηρέως
665 2503 723 2600 (ἦν
747 2510 813 2596 γὰρ
834 2509 966 2598 μάντις)
992 2508 1054 2595 την
1075 2507 1160 2589 Διός
1186 2514 1260 2579 ἐπι-

150 2606 280 2694 βουλὴν
297 2613 439 2678 ἔσπευσε
461 2609 545 2697 πρὸς
565 2607 672 2679 αὐτόν
692 2613 880 2698 ἐπαγομένη
896 2615 1069 2695 Αίγαιοίυα
1085 2609 1258 2699 φόβητρον

150 2716 218 2777 των
241 2712 557 2798 ἐπιβουλευομένων
574 2719 679 2780 θεῶν.
717 2704 760 2797 ἦν
782 2710 819 2779 δὲ
840 2711 1025 2790 θαλάσσιος
1046 2713 1176 2796 δαίμων
1196 2704 1259 2780 οὖ-

150 2837 206 2890 τος
226 2814 282 2880 καί
304 2811 365 2880 τόν
384 2814 510 2898 πατέρα
531 2818 730 2881 Ποσειδῶνα
749 2813 1007 2900 κατεβρόβευευ.
1050 2808 1199 2893 ἀκούσας
1219 2815 1256 2880 δέ

149 2910 274 2993 ὁΖεός
294 2916 432 2994 Θέτιδος
452 2914 514 3001 τὴν
536 2914 719 3002 μὲυἭραν
741 2918 778 2983 έν
801 2929 869 2994 τοῖς
891 2911 973 2983 καθ’
995 2909 1103 2982 αὑτοῦ
1124 2917 1258 3001 δεσμοίς

151 3015 328 3102 ἐκρέμασε,
358 3018 549 3084 Ποσειδῶνι
580 3015 616 3084 δὲ
643 3017 698 3084 καί
723 3012 908 3084 Ἀπόλλωνι
932 3013 995 3099 τὴν
1017 3011 1107 3100 παρὰ
1125 3019 1257 3102 Λαομέ-

149 3120 243 3184 δοντι
265 3123 407 3203 θητείαν
429 3118 623 3203 ἐψηφίσατο.
670 3124 710 3206 τῇ
738 3119 774 3183 δέ
800 3117 913 3185 Θέτιδι
934 3112 996 3201 τὴν
1015 3112 1186 3198 Ἀχιλλέως
1206 3142 1256 3185 τι-

148 3216 217 3303 μὴν
239 3222 286 3296 είς
304 3217 344 3286 τὰ
365 3216 446 3305 μετὰ
468 3225 573 3286 ταῦτα
595 3216 822 3304 ἐταμιεύσατο.
852 3220 979 3302 ίστορεί
995 3221 1157 3303 Δίδυμος.
1178 3221 1254 3284 AD.

686 3419 705 3479 2

233 3531 354 3618 (Schol.
380 3532 478 3596 Hom.
501 3532 542 3596 ll.
565 3538 592 3597 B
613 3534 701 3619 519.)
732 3533 842 3619 steph.
867 3531 948 3616 Byz.
974 3533 1044 3609 106,
1068 3529 1086 3590 8
1109 3526 1253 3590 Meinek.

145 3626 418 3696 Ἀπολλωνία·
442 3633 610 3716 Φωκίδος,
632 3627 675 3715 ἣν
688 3628 835 3716 Ὅμηρος
851 3624 1074 3711 Κυπάρισσόν
1096 3644 1178 3709 φησι
1200 3622 1255 3691 διὰ

148 3725 185 3791 τό
216 3725 340 3805 πολλὰς
366 3731 454 3812 ἔχειν
483 3735 726 3813 κυπαρίσσους,
756 3725 800 3806 ὡς
829 3731 1028 3810 Δίδυμος.
1080 3727 1131 3789 Of.
1160 3727 1252 3790 Serv.

147 3829 190 3893 ad
212 3829 339 3914 Vergil.
361 3831 445 3895 Aen.
468 3831 521 3893 llI
544 3834 583 3893 64
606 3830 671 3895 vol.
692 3830 709 3892 1
729 3854 761 3916 p.
784 3832 842 3892 187
866 3828 960 3893 Lion.

689 3990 707 4050 3

232 4106 343 4193 steph.
366 4107 449 4193 Byz.
473 4109 553 4189 250,
574 4106 613 4170 23
634 4103 739 4167 West.
761 4098 955 4185 Σήσαμον
978 4139 1018 4148 -
1040 4102 1192 4181 Δίδυμος
1214 4098 1251 4163 δὲ

146 4212 253 4291 νῆσον
273 4202 381 4292 αὐτην
403 4225 517 4292 φησιν.
559 4207 693 4293 Spectat
714 4205 756 4269 ad
782 4203 879 4267 Hom.
902 4201 942 4265 Il.
965 4206 992 4265 B
1015 4203 1087 4266 853.
1112 4201 1164 4265 Of.
1186 4200 1250 4265 Eu-

147 4308 243 4372 stath.
263 4310 335 4390 362,
355 4311 374 4373 8
393 4308 502 4394 Apoll.
522 4307 628 4372 Rhod.
647 4306 728 4392 Arg.
752 4306 787 4369 Il
808 4307 881 4370 942.
982 4400 1044 4462 12*
