2948 5024
1211 381 1315 472 ss'

136 579 370 646 vocabulorum
398 602 450 667 ap.
478 578 579 643 schol.
609 578 669 642 La.
701 576 926 662 interpretatio
961 596 1035 639 cum
1062 574 1252 660 Hesychii¹)

138 681 413 768 explicationibus
436 681 590 746 concinit.

223 783 295 848 Hoc
317 784 404 848 enim
420 781 590 847 Lobeckio
612 789 710 861 certe,
735 801 778 844 ex
799 799 863 865 quo
878 777 1028 841 Rankius
1050 777 1091 841 de
1110 778 1254 860 genuina

139 885 297 971 Hesychii
318 884 425 948 forma
444 883 604 970 exposuit,
628 880 763 946 concedi
782 902 847 945 non
862 879 1002 966 amplius
1017 880 1147 966 poterit,
1166 879 1253 964 quod

138 984 180 1048 ad
209 984 263 1048 Αἰ.
293 1006 326 1048 v.
355 987 411 1047 411
450 991 482 1047 et
510 980 702 1068 saepissime
726 1001 861 1045 numero
890 981 933 1045 ad
967 979 1081 1044 scholl.
1110 980 1254 1060 adnotat,

137 1085 401 1171 transscripsisse
434 1080 637 1170 Hesychium
677 1102 737 1145 sua
767 1103 784 1144 e
816 1080 960 1145 scholiis.
1005 1079 1103 1160 Quod
1132 1082 1181 1146 uti
1212 1080 1253 1145 de

140 1185 241 1250 Suida
262 1193 403 1267 constat,
427 1186 461 1248 in
484 1183 687 1270 Hesychium
709 1182 856 1269 profecto
878 1185 984 1269 ipsam
1005 1183 1142 1269 Didymi
1164 1183 1253 1260 λεἘιν

140 1284 302 1370 τραγικήν
331 1286 550 1351 continentem
583 1306 648 1348 non
677 1284 776 1348 cadit.
823 1284 984 1372 Equidem
1005 1285 1066 1350 hoc
1087 1305 1166 1350 vero
1188 1305 1255 1350 non

140 1398 189 1454 est
208 1386 376 1469 dissimile,
399 1387 611 1473 interpretem
631 1387 703 1468 La,
723 1388 757 1450 in
777 1386 894 1473 quibus
916 1389 979 1473 ipsi
997 1410 1070 1452 cum
1085 1384 1274 1474 Hesychic'

139 1490 305 1572 convenit,
332 1489 451 1575 partim
481 1510 524 1552 ex
548 1488 619 1572 ipso
640 1486 777 1573 Didymi
798 1486 1065 1573 hypomnemate,
1090 1489 1208 1574 partim
1235 1511 1253 1552 e

139 1591 246 1656 lexico
274 1592 400 1675 tragico
428 1611 468 1653 ea
489 1587 726 1653 transscribere
747 1589 908 1672 potuisse,
941 1596 976 1652 at
997 1610 1050 1652 res
1071 1611 1123 1652 me
1144 1589 1254 1654 hercle

139 1691 254 1755 eodem
275 1691 376 1773 redit,
406 1711 495 1771 cum,
525 1710 608 1775 quae
630 1686 863 1752 Chalcenterus
884 1700 996 1754 noster
1013 1711 1072 1775 per
1093 1711 1253 1753 commen·

138 1794 240 1857 tarios
269 1793 409 1879 sparsim
440 1791 607 1877 effuseque
632 1790 796 1871 ediderat,
825 1789 906 1855 haec
930 1791 1106 1856 maximam
1127 1801 1254 1877 partem

139 1890 278 1956 collecta
301 1890 513 1977 breviataque
539 1891 656 1954 iterum
674 1890 710 1953 in
730 1888 838 1953 lexica
858 1891 1031 1975 receperit,
1065 1899 1101 1954 ut
1118 1901 1254 1978 apparet

139 2014 168 2057 e.
187 2014 220 2077 g.
243 2014 261 2056 e
286 1993 481 2077 comparatis
501 1991 622 2056 Athen.
637 1991 671 2055 ΙΙ
688 2013 720 2078 p.
735 1990 816 2056 700
844 1998 877 2054 et
897 1990 1044 2078 Hesych.
1068 1992 1176 2058 11378
1198 1993 1253 2080 (fr.

139 2093 196 2180 5.).
238 2093 290 2157 Ol.
308 2093 414 2175 etiam,
438 2115 521 2180 quac
544 2093 584 2157 de
605 2092 670 2157 lex.
694 2113 777 2157 com.
798 2093 952 2157 diximus.
986 2093 1132 2159 Galenus
1155 2095 1253 2160 etiam

71 2218 72 2223 ¹
137 2196 174 2258 in
192 2195 331 2282 praefat.
353 2195 394 2259 ad
407 2195 508 2281 Hipp.
520 2216 592 2259 voc.
609 2195 739 2281 explan.
762 2218 794 2283 p.
807 2200 868 2259 404
884 2195 935 2260 ed.
948 2195 1006 2260 Fr.
1028 2195 1146 2262 librum
1161 2219 1253 2283 prae·

139 2305 264 2361 sentem
287 2319 322 2361 se
344 2297 565 2383 composuisse
587 2297 668 2361 dicit
689 2297 883 2362 Teuthranti
904 2301 1044 2383 roganti,
1065 2308 1101 2364 ut
1121 2321 1181 2386 per
1201 2320 1254 2364 ca-

139 2399 208 2486 pita
226 2398 361 2464 haberet
396 2398 483 2484 quod
505 2399 683 2463 iudicatum
696 2407 793 2463 vesset
819 2409 852 2463 et
881 2399 1085 2484 longioribus
1117 2401 1151 2464 in
1173 2401 1253 2487 Hip

139 2510 306 2586 pocratem
326 2501 569 2565 commentariis
590 2500 858 2565 demonstratum.
903 2499 1107 2586 Quamquam
1130 2510 1254 2566 tantum

141 2599 251 2683 abest,
282 2598 344 2662 hoc
369 2607 405 2662 ut
427 2599 473 2663 ita
493 2599 749 2684 intellegendum
775 2601 833 2682 sit,
861 2599 955 2685 quasi
977 2596 1142 2684 Didymus
1164 2622 1254 2664 num·

140 2720 237 2786 quam
259 2699 294 2762 in
318 2696 424 2761 lexico
451 2697 577 2782 tragico
606 2719 707 2762 unum
739 2697 919 2762 alterumve
942 2694 1139 2761 vocabulum
1160 2697 1256 2763 aliter

139 2806 236 2884 atque
251 2797 286 2860 in
308 2797 540 2861 commentario
560 2796 792 2883 interpretatus
809 2795 917 2878 fuerit,
940 2794 1091 2882 idemque
1108 2796 1141 2859 in
1168 2819 1253 2862 com·

139 2898 298 2972 mentatio
322 2918 395 2960 eam
416 2919 520 2985 usquc
541 2897 714 2962 lectionem
734 2907 865 2963 secutus
886 2898 944 2979 sit,
973 2920 1068 2985 quam
1090 2900 1124 2962 in
1146 2898 1253 2968 lexico

140 2998 356 3085 explicuerat:
388 3008 425 3064 ut
442 3022 503 3086 pro
524 2999 671 3084 diverso,
699 2999 786 3088 quod
809 3001 844 3064 in
866 3002 1013 3087 utrisque
1033 3000 1253 3069 voluminibus

140 3101 353 3188 sequebatur,
386 3089 538 3187 consido,
571 3103 606 3166 in
630 3102 815 3189 glossarum
840 3104 1040 3188 tragicamm
1066 3107 1253 3189 congeriem

139 3201 292 3267 reiiculas
316 3203 398 3268 adeo
421 3201 594 3284 lectiones,
618 3211 654 3267 ut
675 3203 801 3286 varias,
825 3201 991 3267 nonnullis
1014 3205 1253 3291 antiquioribus

138 3304 359 3388 grammaticis
387 3304 557 3391 probatas,
589 3307 749 3392 receperit
777 3306 1040 3392 exposueritque.
1093 3307 1253 3392 Exemplo

139 3404 200 3469 tibi
232 3406 276 3470 sit
306 3406 457 3493 Sophocl.
498 3430 550 3495 ap.
579 3408 724 3496 Hesych.
756 3408 771 3472 Ι
805 3410 886 3472 1730
927 3414 1151 3488 θρεκτοῑσι
1181 3405 1254 3473 νό-

138 3531 232 3590 μοις
255 3545 298 3557 -
316 3508 401 3573 ἔνιοι
423 3508 460 3574 δὲ
483 3521 643 3592 sorssors.

222 3607 261 3673 In
286 3609 454 3696 Antigone
481 3635 513 3678 v.
544 3616 584 3677 80
619 3611 783 3700 (Eustath.
815 3613 892 3697 723,
916 3613 972 3698 28)
1001 3611 1132 3677 videtur
1158 3613 1253 3677 lectio

208 3835 234 3902 l)
259 3839 311 3889 Per
332 3853 363 3889 se
384 3839 475 3902 patet,
501 3848 562 3886 cum
586 3834 740 3899 Hesychius
763 3848 894 3898 perquam
919 3833 990 3883 male
1015 3833 1125 3882 habitus
1150 3833 1185 3883 ad
1202 3849 1252 3884 nos

136 3927 304 3990 pervenerit,
333 3927 361 3974 in
385 3938 496 3974 censum
520 3921 565 3970 hic
588 3921 680 3970 venire
703 3919 823 3984 reliquos
847 3919 943 3981 etiam,
975 3920 1046 3969 unde
1064 3920 1252 3984 Diogenianns

136 4011 315 4076 redintegrari
340 4014 446 4076 potest,
469 4008 573 4068 fontes,
596 4005 724 4068 Photins,
742 4004 868 4069 inquam,
892 4003 945 4054 lex.
971 4005 1057 4054 Bekis.
1078 4022 1103 4070 p.
1121 4005 1172 4055 319
1190 4023 1249 4071 sqq.

137 4102 173 4147 at.
193 4115 228 4148 nr.
247 4097 402 4162 Stephanus
421 4097 489 4160 Byr.
510 4122 542 4130 -
561 4095 593 4144 Ε.
614 4110 637 4143 c„
656 4091 812 4158 Stephanus
831 4108 858 4156 p.
871 4092 931 4154 560,
953 4092 984 4142 18
1004 4092 1046 4142 ed.
1067 4093 1187 4143 Heinek.
1208 4109 1251 4143 ex-

135 4183 244 4248 scripsit
268 4200 338 4249 quae
368 4183 401 4232 ds
420 4200 446 4233 v.
467 4174 595 4246 Σελήνας
614 4197 629 4231 e
647 4179 820 4244 Diogenisno
838 4179 931 4229 hausit
948 4179 1102 4244 Hesychius
1121 4195 1143 4232 s.
1165 4194 1192 4231 v.
1211 4197 1252 4231 re-

135 4273 229 4332 specto
247 4269 386 4333 Euripidis
406 4268 558 4320 Erechtheo
582 4268 638 4333 (ap.
660 4267 737 4319 Suid.
758 4283 785 4318 r.
805 4255 959 4316 ἀνάστατοι
982 4267 1113 4333 Wagner.
1133 4269 1168 4319 fr.
1186 4269 1252 4320 xlv

136 4370 163 4418 p.
179 4355 229 4405 704
249 4355 291 4406 ed.
310 4354 427 4419 Bidos).
