2962 5018
1200 435 1263 501 323

149 614 280 679 σκεται,
301 597 407 680 δῆλον
428 591 481 662 ότι
503 599 565 661 τοῦ
587 594 780 661 Μιλτιάδου
800 597 923 680 γένους
942 591 1059 675 ὅντως.
1086 599 1183 678 ξένος
1199 598 1264 684 γάρ

149 691 262 774 οὐδεὶς
285 696 356 762 έκεί
372 698 547 764 θάπτεται.
579 698 634 762 καλ
652 698 815 782 Πολέμων
836 697 873 763 δὲ
893 697 931 763 ἐν
952 704 998 786 τῷ
1018 700 1093 783 περὶ
1114 696 1263 785 άκροττό-

148 803 233 875 λεως
253 795 386 877 τούτοις
406 809 579 884 μαρτυρεῖ.
613 801 699 866 ἔνθα
722 798 777 864 καλ
803 797 975 884 Τιμόθεον
994 797 1073 867 υίόν
1092 796 1184 890 αὐτῷ
1198 827 1263 886 γε-

148 904 313 984 γενῆσθαι
335 913 560 985 προσιστορεῖ.

233 1002 288 1068 Sic
312 1002 419 1068 locum
436 1005 572 1090 >scripsit
594 1003 758 1085 Rittcrus,
779 1003 835 1089 qui
857 1005 955 1068 etiam
976 1003 1106 1068 uncinis
1127 1005 1263 1069 circum-

149 1105 291 1191 scripsit.
314 1104 384 1169 Alii
406 1105 480 1169 aliis
503 1103 640 1169 medelis
663 1125 736 1167 eum
757 1102 874 1169 sanare
894 1105 1002 1169 conati
1018 1113 1102 1187 sunt,
1125 1125 1262 1191 quorum

148 1207 352 1271 coniecturas
368 1206 501 1291 collegit
515 1205 802 1271 Westermannus:
827 1199 899 1270 ‘in
910 1200 1063 1290 Ὅλορος,
1086 1199 1150 1271 οὐκ
1161 1198 1263 1290 Ὄρο-

148 1311 207 1383 λος
223 1307 405 1372 Graucrtus
426 1332 458 1395 p.
475 1310 544 1391 178,
565 1302 616 1372 ότι
638 1302 759 1389 ὄρολος
780 1315 813 1371 et
832 1306 919 1371 infra
940 1301 1060 1390 όρολος
1083 1315 1116 1372 et
1135 1300 1261 1389 όρόλου

148 1406 230 1493 PG„
253 1409 296 1474 cf.
320 1410 483 1497 Sauppius
506 1409 541 1473 iu
563 1409 638 1474 Act.
663 1429 729 1472 soc.
752 1429 802 1492 gr.
826 1410 845 1471 2
868 1433 900 1496 p.
924 1412 996 1474 429.
1040 1409 1150 1474 Minus
1173 1418 1261 1474 recte

147 1509 314 1576 Prellerus
333 1510 455 1576 Polem.
472 1510 514 1576 fr.
528 1535 560 1598 p.
577 1512 617 1575 39
638 1509 808 1594 vulgatam
827 1510 1008 1576 defendens
1024 1509 1174 1575 lacunam
1189 1532 1262 1575 esse

148 1611 262 1676 statuit
286 1622 360 1699 post
381 1618 401 1678 λ
425 1612 473 1677 sic
497 1610 695 1699 explendam
716 1606 780 1676 οὐκ
793 1603 952 1695 Ὄλορος,
972 1633 1047 1676 nam
1069 1634 1184 1676 verum
1205 1633 1261 1675 no-

148 1735 224 1777 meu
246 1707 470 1796 εεεεὌλορος
491 1713 586 1778 dccet
616 1713 716 1777 etiam
737 1713 907 1799 inscriptio
926 1712 1066 1777 Athenis
1087 1734 1192 1800 nuper
1212 1734 1261 1776 re·

148 1821 252 1898 perta.
276 1813 352 1878 Vid.
374 1813 482 1880 Walz.
509 1813 552 1878 ad
581 1814 678 1878 Paus.
709 1813 799 1896 Ι23,
823 1816 874 1878 9.’
896 1851 940 1864 -
956 1807 1109 1895 Ἡρώδου
1139 1813 1261 1877 Coraca

149 1913 192 1978 ad
213 1912 301 1979 Plut.
330 1915 414 1981 Cim.
437 1922 474 1999 4,
499 1916 586 2003 quod
608 1915 831 2003 probaverunt
852 1913 1048 1980 Schaelerus
1070 1914 1261 2000 Kruegerus

148 2015 305 2081 Ritterus.
350 2016 494 2104 Vulgata
514 2017 610 2082 lectio
628 2010 814 2101 Ἡροδότου
836 2024 896 2099 est,
937 2009 1076 2100 Ὀλόρου
1098 2015 1261 2103 Sauppius

148 2115 169 2180 l.
191 2115 213 2181 l.
237 2140 268 2203 p.
292 2120 355 2182 430
385 2118 655 2184 Westermannus
675 2118 782 2203 biogr.
811 2141 843 2205 p.
870 2118 939 2182 189.
963 2156 1005 2164 -
1027 2110 1261 2202 (εὑρίσκονται

149 2227 181 2282 et
201 2210 298 2296 ὅντες
318 2219 444 2285 Iaeobs.
474 2219 517 2284 ad
539 2220 673 2285 Anthol.
701 2220 771 2284 Pal.
796 2224 814 2284 3
837 2244 869 2307 p.
891 2221 954 2283 922
982 2228 1079 2307 atque
1101 2218 1175 2300 alii,
1202 2210 1261 2282 εὑ-

150 2319 298 2400 ρίσκεται
323 2330 356 2385 et
377 2316 475 2399 ὄντος
496 2321 583 2404 libri,
605 2315 712 2398 ὄντας
733 2321 844 2407 vulgo,
867 2314 918 2385 άν
938 2322 1061 2408 Poppc,
1083 2314 1190 2397 ὅντως
1212 2313 1262 2412 cic

151 2418 361 2484 Grauertus.'
373 2460 416 2471 -
431 2421 514 2485 Mihi
533 2421 708 2506 legendum
726 2423 856 2488 videtur
867 2415 1009 2506 Ὀρολος
1029 2416 1047 2487 ὁ
1069 2414 1177 2503 πατὴρ
1197 2414 1262 2482 αό-

150 2522 212 2584 τοῦ
233 2520 392 2598 ἔψευσται
414 2522 468 2587 vel
487 2520 704 2607 έσχεδίασται,
727 2523 845 2588 deinde
862 2517 913 2587 ὅτι
929 2517 1142 2606 γὰρ”Ολορός
1158 2522 1261 2605 έστιν,

151 2629 184 2685 et
203 2614 344 2707 Ὀλόρου
359 2617 581 2707 Ἀλιμούσιος.
612 2622 704 2687 Inter
720 2616 933 2707 Ἀλιμούσιος
953 2645 1031 2690 veru
1048 2632 1081 2688 ct
1098 2617 1183 2706 πρὸς
1196 2618 1261 2705 γάρ

147 2724 315 2789 excidisse
331 2726 485 2791 videntur
506 2726 609 2791 verba
622 2746 721 2810 supra
735 2728 766 2804 ᾖ.
783 2729 819 2788 14
832 2724 968 2789 reiicula
985 2725 1060 2789 visa
1070 2723 1124 2789 καλ
1139 2721 1262 2818 τεκμήν

150 2847 227 2908 ριον
254 2825 411 2910 μέγιστον
441 2829 623 2911 νομίζουσι.
668 2826 732 2889 Pro
750 2818 906 2908 Ἡράδου
927 2847 945 2888 e
967 2824 1103 2910 vulgata
1123 2824 1261 2890 lectione

145 2918 332 3010 Ἡροδότου
361 2928 457 2994 elicio
486 2923 584 3013 ἠρίον
609 2921 760 3011 Ὀρόλου.
810 2921 927 3003 ”Oaros
960 2926 1084 2990 codicis
1118 2935 1151 2991 et
1182 2924 1262 2991 Aldi

149 3026 321 3095 lectionem
342 3029 541 3094 retinuerim.

689 3116 719 3177 3.

235 3230 417 3298 Marcellin.
440 3237 472 3314 ξ.
496 3235 537 3297 32
566 3233 758 3317 Δίδυμος
785 3223 817 3296 δ’
846 3230 884 3294 έν
908 3222 1081 3312 Ἀθήναις,
1115 3222 1180 3293 άντό
1203 3232 1262 3312 τῆς

149 3337 262 3418 φυγῆς
295 3328 439 3400 ἐλθόντα
471 3336 570 3422 βιαίῳ
598 3330 746 3421 θανάτῳ.
785 3334 885 3398 τοῦτο
920 3331 959 3395 δέ
985 3344 1068 3413 φησι
1092 3326 1262 3414 Ζοόττυρον

148 3435 304 3521 ίστορεῑν.
330 3431 410 3513 τοός
432 3429 496 3519 γάρ
508 3430 710 3519 Ἀθηναίους
731 3433 884 3501 κάθοδον
903 3429 1086 3497 δεδωκέναι
1104 3441 1173 3507 τοῖς
1192 3452 1261 3512 φυ-

148 3534 227 3620 γάσι
256 3533 345 3620 πλήν
376 3540 445 3601 τῶν
478 3537 766 3619 Πεισιστρατιδῶν
799 3530 882 3621 μετά
914 3526 977 3615 τήν
1006 3519 1110 3615 ήτταν
1136 3528 1198 3614 τήν
1224 3529 1262 3594 ἐν

149 3640 305 3724 Σικελίᾳ·
329 3633 455 3728 ήκομτα
478 3626 544 3700 οὖν
567 3632 673 3703 αὐτὸν
695 3631 885 3703 άτιοθανεῖν
906 3635 963 3719 βία
986 3631 1041 3697 καλ
1064 3634 1204 3715 τεθήναι
1223 3630 1261 3696 ἐν

150 3749 219 3815 τοῖς
236 3741 420 3821 Κιμανίοις
437 3733 618 3822 μνήμασιν.
647 3737 702 3801 καὶ
720 3732 986 3820 καταγινώσκειν
1000 3733 1066 3815 ἔφη
1080 3734 1149 3796 τοῖν
1164 3755 1263 3816 νομι-

149 3834 276 3916 ζόντων
308 3832 415 3903 αὐτόν
445 3833 539 3916 έκτός
565 3835 628 3920 μὲν
657 3835 945 3921 τετελευτηκέναι,
978 3833 1032 3898 aa
1057 3836 1119 3917 γῆς
1146 3830 1184 3899 δὲ
1205 3834 1263 3916 τῆς

146 3934 295 4023 Ἀττικής
322 3936 507 4021 τεθάφθαι.
549 3930 570 4021 ή
593 3932 657 4021 γάρ
678 3930 743 4002 οόκ
765 3929 808 4001 άυ
830 3934 930 4020 ἐτέθη
953 3936 991 4001 έν
1009 3943 1079 4011 τοῖς
1097 3931 1263 4022 κατρρόοις

148 4037 319 4126 μνήμασιν
339 4033 361 4125 ’l
381 4039 527 4124 κλέβδην
544 4037 654 4117 τεθεὶς
672 4031 736 4103 οὐκ
755 4030 799 4102 άν
814 4037 932 4121 ἔτυχεν
950 4030 1029 4102 οὔτε
1044 4032 1166 4119 στήλης
1184 4028 1263 4099 οὔτε

147 4140 413 4227 ἐπιγράμματος,
446 4136 468 4226 ἢ
501 4144 548 4231 τῷ
574 4137 672 4228 τάφῳ
700 4137 924 4223 τιροσκειμένη
952 4139 1015 4203 τοό
1042 4134 1264 4220 συγγραφέως

148 4242 271 4327 μηνύει
288 4237 450 4327 τοῦνομα.
484 4237 569 4308 άλλά
593 4243 699 4324 δῆλον
716 4237 769 4306 ότι
787 4237 937 4317 κάθοδος
957 4235 1063 4322 ἐδόθη
1084 4247 1153 4315 τοῖς
1174 4232 1262 4320 φεό-

148 4363 281 4429 γουσιν,
304 4341 350 4424 άς
370 4344 426 4410 καλ
444 4340 630 4428 Φιλόχορος
648 4343 739 4426 λέγει
760 4341 815 4407 καλ
834 4338 1029 4426 Δημήτριος
1038 4338 1088 4464 *έν
1110 4347 1179 4416 τοῖς
1199 4333 1263 4421 tp-

987 4438 1026 4500 21
