2964 5010
262 404 298 449 v1
710 382 919 445 runnssrm.

347 554 393 618 Ut
411 572 490 616 vero
513 571 600 613 nunc
622 557 809 636 comparata
830 571 883 613 res
906 558 970 632 est,
992 557 1109 614 neuter
1131 547 1222 614 locus
1242 548 1303 612 hac
1321 570 1373 612 ae-

260 682 327 738 tate
348 669 540 758 pertractari
559 667 678 753 poterit
699 668 764 731 nisi
784 667 826 731 ab
848 687 903 749 eo,
927 669 983 754 qui
1003 667 1268 732 molestissimum
1288 664 1372 732 illud

260 788 544 875 grammaticorum
576 784 732 872 reliquias
764 784 940 868 colligendi
967 785 1246 873 componendique
1274 807 1372 870 nego-

259 910 340 972 tium
363 907 432 992 ipse
455 902 520 969 sibi
548 903 754 989 imposuerit,
785 904 884 989 inque
906 904 1053 989 singulos
1077 905 1307 987 grammaticos
1328 903 1371 966 ab

222 1071 226 1077 -
258 1028 339 1113 ipsis
359 1021 563 1111 principibus
587 1043 723 1086 exorsus
751 1019 910 1106 singulari
932 1024 1109 1109 scriptione
1136 1029 1371 1087 commentatus

259 1145 359 1209 fuerit
387 1164 427 1206 ea
453 1163 532 1205 usus
561 1139 749 1224 diligentia,
776 1161 841 1226 qua
870 1140 905 1203 in
926 1139 1160 1227 componendis
1184 1138 1370 1204 Polemonis

258 1260 487 1326 Eratosthenis
509 1256 669 1321 Zenodoti
683 1257 915 1344 Aristophanis
930 1258 1114 1324 Aristarchi
1136 1257 1277 1324 Cratetis
1295 1259 1371 1322 Ari-

259 1381 375 1444 stonici
405 1376 545 1464 Apionis
568 1375 751 1440 Herodiani
773 1374 833 1445 Ori
860 1376 1008 1464 reliquiis
1029 1382 1081 1442 usi
1105 1386 1180 1443 sunt
1203 1376 1369 1441 Prellerus

258 1497 493 1584 Bemhardyus
534 1496 742 1559 Duentnerus
777 1494 980 1561 Ribbeckius
1006 1496 1177 1562 Nauckius
1211 1494 1370 1559 Lehrsius

257 1616 462 1702 Wegenerus
490 1614 765 1680 Friedlaenderus
789 1613 1003 1699 Ritschelius,
1036 1624 1069 1680 et
1097 1637 1162 1703 qua
1190 1615 1249 1678 alii
1267 1614 1371 1678 nostri

257 1735 380 1800 saeculi
413 1734 478 1798 viri
512 1732 693 1798 doctissimi
721 1731 860 1798 aliorum
894 1734 1004 1800 studia
1033 1733 1228 1800 adumbrare
1262 1731 1370 1796 conati

258 1862 350 1936 sunt,
373 1873 453 1938 quos
476 1853 562 1915 inter
584 1848 738 1913 Ottonem
762 1849 995 1916 Schneiderum
1017 1853 1177 1917 Meierum
1198 1852 1368 1917 Osannum

256 1970 516 2035 Schoemannum
542 1967 822 2032 Graefenhanium
849 1967 1039 2033 Velsenium
1066 1970 1230 2054 Langium
1257 1970 1368 2033 Serne-

255 2089 372 2154 czkam
398 2086 601 2152 Beccardum
629 2084 837 2150 Gerhsrdum
864 2085 1042 2151 Radulfum
1068 2085 1284 2152 Schmidtium
1311 2109 1369 2150 no-

255 2208 398 2298 minasse
418 2208 497 2274 satis
519 2204 635 2269 habeo.
679 2204 832 2289 Longum
853 2205 939 2269 enim
961 2214 1011 2269 cst
1031 2228 1143 2271 omnes
1166 2227 1366 2270 enumerare.

254 2326 304 2389 Ac
326 2325 525 2391 Ritschelius
554 2323 687 2411 quidem
717 2325 802 2388 sitne
838 2325 1024 2388 etiamnunc
1042 2333 1144 2390 tenax
1165 2327 1296 2391 consilii
1317 2325 1366 2390 hi·

255 2445 389 2509 storiam
406 2448 545 2529 graecae
564 2445 796 2528 grammaticae
817 2442 1059 2529 perscribendi,
1080 2466 1178 2531 quam
1200 2446 1308 2509 moliri
1329 2467 1365 2509 se

252 2564 288 2625 in
309 2562 459 2649 prolegg.
482 2562 525 2627 ad
548 2561 707 2626 Theodul.
733 2584 765 2647 p.
792 2577 832 2624 lx
854 2562 941 2626 etin
962 2574 1135 2629 comment.
1156 2564 1198 2629 de
1220 2565 1287 2629 Oro
1309 2568 1359 2645 §1

254 2680 479 2766 significabat,
506 2680 594 2746 haud
617 2682 696 2744 satis
722 2681 808 2761 scio,
834 2679 878 2745 K.
901 2679 1075 2745 Lehrsium
1096 2705 1190 2768 vero,
1214 2684 1365 2771 quamvis

253 2800 350 2863 enixe
373 2810 539 2885 rogatum,
571 2810 607 2865 ut
635 2799 921 2885 grammaticorum
949 2810 1156 2889 componeret
1185 2801 1365 2884 historiam,

253 2917 306 2980 cui
333 2919 424 3004 operi
454 2918 653 3006 perficiendo
683 2939 789 3003 neque
819 2919 945 2984 exstitit
972 2918 1045 3006 ipso
1079 2942 1185 3007 neque
1222 2919 1367 2985 exstabit

252 3057 412 3123 unquam,
449 3039 520 3102 sive
560 3037 717 3101 scientiae
745 3038 873 3124 copiam
910 3037 981 3103 sive
1007 3061 1143 3105 acumen
1171 3038 1362 3124 ingeniique

253 3153 345 3218 dotes
373 3155 590 3241 spectaveris,
619 3158 765 3241 paratior
784 3156 881 3239 alter,
908 3157 970 3222 hoc
992 3159 1097 3245 ipsum
1120 3156 1287 3241 negotium
1309 3155 1365 3220 de·

251 3280 424 3355 trectasse,
446 3273 654 3361 humerisque
673 3275 871 3340 iuvenilibus
891 3277 1079 3362 impositum
1095 3275 1249 3342 maluisse
1261 3275 1362 3341 fando

252 3392 446 3477 accepimus.
494 3391 609 3478 Itaque
630 3392 685 3456 hic
706 3392 795 3458 locus
818 3416 892 3459 cum
915 3396 1101 3459 etiamnunc
1122 3392 1362 3479 philologorum

251 3508 369 3599 studiis
396 3520 506 3595 posset
533 3509 708 3575 derelictus
737 3513 895 3600 appellari
915 3551 958 3560 —
980 3534 1055 3576 nam
1083 3534 1180 3600 quam
1203 3511 1363 3577 Graefen·

251 3626 348 3691 hanio
369 3627 524 3694 debemus
544 3628 743 3716 philologiae
773 3628 929 3695 classicae
951 3629 1120 3695 historiam
1141 3630 1362 3695 immaturiore

249 3755 346 3830 partu
373 3748 408 3809 in
432 3748 538 3812 lucem
563 3770 635 3812 esse
663 3747 784 3812 editam
806 3751 899 3813 iuxta
921 3771 994 3813 cum
1021 3749 1095 3814 aliis
1118 3750 1300 3816 iudicamus
1318 3788 1362 3803 —-

249 3884 395 3928 meorum
413 3887 542 3953 quoque
561 3866 743 3931 studiorum
764 3867 907 3951 vestigia
920 3866 1006 3933 hunc
1028 3892 1176 3956 premere
1196 3871 1360 3935 tramitem

248 3980 346 4064 iussi,
368 3983 600 4071 professusque
619 4008 692 4050 sum
713 3984 916 4050 documentis
938 3986 1105 4051 nonnullis
1126 3987 1280 4074 deinceps
1302 4012 1360 4076 pu·

248 4095 334 4162 blice
355 4099 458 4183 datis,
481 4102 822 4186 commentationibus,
843 4104 991 4189 inquam,
1015 4103 1056 4167 de
1078 4103 1215 4169 Seleuco
1238 4105 1358 4170 Home·

247 4217 316 4281 rico
344 4218 385 4282 de
408 4219 590 4284 Philoxeno
613 4219 839 4285 Alexandrino
867 4220 907 4284 de
930 4220 1107 4310 Tryphone
1128 4222 1169 4287 de
1193 4222 1357 4310 Dionysio

247 4333 374 4400 Thrace
398 4338 574 4423 inscriptis.
618 4338 728 4425 Atque
757 4336 991 4404 eiusdemmodi
1013 4342 1284 4405 exercitationum
1310 4344 1359 4407 vi-
