2962 5024
1188 419 1249 481 239

144 581 363 671 τρῖιπρσίτςο
390 586 470 648 των
499 580 689 648 παιάνων
712 579 932 663 Πινδάρου
961 584 1082 666 φησίν,
1110 581 1165 647 καί
1189 581 1251 649 τὸν

143 686 286 766 τρίποδα
307 680 372 749 άπὸ
391 681 516 750 τούτου
536 688 741 768 Θηβαγενεῖς
763 682 931 766 πέμπουσι
953 681 1015 749 τὸν
1040 680 1185 766 χρύσεον
1205 687 1252 761 είς

140 781 294 870 Ἰσμηνὸν
321 788 465 868 πρῶτον.
511 789 559 863 τίς
586 779 619 849 δ’
651 785 719 849 ἐστὶ
746 780 893 868 διαφορά
921 783 1143 868 Θηβαγενέων
1167 783 1252 869 πρός

144 892 330 972 Θηβαίους,
353 880 499 970 Ἔφορος
526 887 565 950 ἐν
592 890 632 972 τῇ
659 886 800 972 δευτέρᾳ
829 889 922 968 φησί.
972 874 1068 950 οὗτοι
1098 884 1159 970 μὲν
1186 875 1252 951 οὖν

143 985 401 1070 συνετάχθησαν
430 991 476 1066 είς
503 984 566 1070 τὴν
593 990 774 1071 Βοιωτίαν,
802 982 883 1063 τούς
911 984 947 1051 δὲ
975 997 1044 1064 τοῖς
1063 981 1252 1071 Ἀθηναίοις

143 1083 290 1172 ὁμόρους
313 1092 580 1170 προσοικοῦντας
597 1090 664 1174 ίδίηι
677 1092 818 1172 Θηβαῖοι
837 1084 1092 1172 προσηγάγοντο
1117 1094 1253 1166 πολλοῖς

144 1192 259 1255 ἔτεσιν.
304 1185 450 1273 ὕστερον
480 1188 517 1254 δὲ
538 1190 573 1253 οί
593 1184 771 1274 σύμμικτοι
803 1179 890 1273 ἦσαν
917 1186 1150 1273 πολλαχόθεν,
1180 1191 1253 1274 ἐχέ-

141 1313 245 1374 μοντο
271 1291 307 1355 δὲ
336 1287 399 1374 τὴν
430 1285 498 1355 ὑπὸ
525 1286 586 1356 τὸν
615 1294 814 1375 Κιθαίρωνα
841 1287 955 1376 χάραν
993 1292 1049 1356 καί
1076 1287 1138 1376 τὴν
1166 1287 1254 1357 duo-

142 1387 284 1475 μάντιον
306 1397 365 1474 τῆς
387 1386 544 1476 Εὐβοίας.
576 1391 758 1457 ἐκαλοῦντο
781 1390 818 1457 δὲ
833 1397 1049 1477 Θηβαγενεῖς,
1070 1387 1123 1458 ὅτι
1145 1408 1253 1477 προσ-

143 1494 299 1575 εγένοντο
322 1505 391 1571 τοῖς
418 1488 531 1570 άλλοις
552 1497 712 1571 Βοιωτοῖς
732 1491 788 1558 διὰ
810 1497 978 1578 Θηβαίων.

227 1595 416 1659 Boeckhius
433 1596 500 1658 ΙΙ2
522 1618 554 1680 p.
570 1599 631 1658 573
655 1594 695 1659 fr.
719 1600 756 1658 15
783 1595 848 1683 [38]
875 1603 906 1658 et
928 1593 989 1657 Th.
1012 1594 1177 1679 Bergkius
1200 1596 1252 1659 od.

141 1697 197 1760 alt.
225 1719 257 1781 p.
280 1698 341 1761 238
369 1696 410 1759 fr.
433 1701 473 1759 44
500 1698 535 1758 in
558 1695 652 1759 Gisb.
678 1695 798 1759 Koenii
822 1695 1047 1759 emendatione
1072 1697 1128 1781 (ad
1152 1697 1268 1781 Grreg.¹

145 1797 221 1861 Cor.
244 1819 275 1883 p.
301 1799 363 1860 225
384 1828 426 1857 =
448 1821 479 1885 p.
501 1801 562 1860 475
578 1796 701 1883 Sehf.),
721 1790 888 1880 Ἰσμήνιον
907 1792 1000 1880 ίερόν
1021 1818 1080 1882 pro
1101 1791 1255 1880 Ἰσμηνὸν

144 1900 279 1978 πρῶτον
304 1900 547 1984 acquieverunt.
572 1898 644 1981 Ego
659 1899 693 1961 in
707 1897 905 1962 Philol.V11
919 1921 951 1985 p.
967 1900 1027 1961 749
1051 1900 1179 1963 correxi
1192 1894 1254 1964 'Io-

143 2001 267 2082 μηνίου
288 2001 482 2082 ΗΡΩΙΟΝ,
503 1998 546 2064 cf.
563 2000 661 2088 Alph.
685 2000 828 2065 Hecker.
852 2001 947 2086 epist.
968 2000 1040 2064 erit.
1064 2001 1098 2064 in
1121 2000 1254 2067 Schnei-

146 2099 227 2163 dew.
249 2098 367 2164 Philol.
400 2100 471 2165 Vs
501 2124 533 2187 p.
550 2103 621 2167 422.
656 2101 773 2167 Valck.
806 2105 904 2166 anim.
928 2103 961 2165 in
984 2102 1135 2167 Ammon.
1159 2126 1191 2189 p.
1212 2107 1252 2167 97

141 2193 306 2284 Ἰσμήνιον
328 2201 463 2287 adoptat
492 2212 524 2266 et
549 2205 594 2280 εἰς
621 2200 658 2268 τδ
681 2197 713 2269 Ἰ.
737 2203 860 2269 scribit.
888 2203 1013 2291 Ephori
1035 2205 1255 2289 fragmentum

144 2304 190 2386 (n.
216 2305 256 2363 26
281 2300 345 2365 vol.
372 2303 389 2366 Ι
412 2327 444 2389 p.
464 2306 525 2368 239
555 2305 606 2369 ed.
630 2304 794 2390 Mueller.)
829 2306 866 2370 C.
898 2305 938 2370 Ο.
961 2305 1109 2370 Mueller.
1141 2308 1175 2368 in
1195 2306 1255 2368 Or-

143 2401 248 2465 ehom.
272 2424 305 2487 p.
335 2404 396 2465 397
416 2402 502 2467 hunc
521 2405 556 2466 in
577 2406 708 2469 modum
729 2406 887 2486 restituit,
906 2415 943 2469 ut
965 2405 1122 2470 scriberet
1147 2423 1254 2489 προσ-

144 2506 349 2577 οικειοῦντες
374 2541 416 2552 -
444 2498 486 2566 οὐ
515 2508 650 2580 πολλοῖς
683 2506 791 2568 ἔτεσιν
819 2500 972 2584 ὕστερον.
1024 2495 1130 2569 Οὗτοι
1156 2523 1185 2570 σ.
1211 2544 1254 2556 —-

143 2599 355 2669 άπεναντίον.
400 2603 552 2667 Ceterum
582 2604 661 2667 mihi
691 2604 858 2691 Ephorum
878 2606 1071 2690 apposuisse
1089 2605 1253 2691 Didymus

144 2706 292 2785 videtur,
315 2707 407 2768 cuius
428 2703 569 2769 fortasse
595 2727 636 2769 ne
657 2727 759 2770 unum
780 2705 912 2791 quidem
934 2703 1071 2769 verbum
1090 2709 1255 2793 excerpsit

143 2807 346 2889 Ammonius,
369 2807 397 2869 si
417 2807 549 2892 quidem
571 2815 658 2871 recte
683 2807 810 2871 conicio
829 2804 932 2869 verba
953 2803 1008 2868 καὶ
1031 2802 1091 2870 τὸν
1112 2810 1255 2891 τρίποδα

143 2947 185 2958 -
210 2901 323 2995 ἡρῷον
344 2907 469 2994 Ephori
492 2930 580 2991 esse,
611 2902 684 2995 post
706 2913 865 2983 Βοιωτοῖς
892 2901 948 2971 διά
970 2911 1128 2991 Θηβαίων
1150 2917 1253 2973 trans-

142 3009 304 3095 ponenda.
349 3008 400 3077 cf.
432 3009 590 3074 Herodot.
615 3009 708 3073 V,59
739 3009 836 3074 Paus.
869 3009 921 3073 IX
951 3013 988 3072 19
1022 3010 1122 3076 schol.
1155 3011 1252 3076 Pind.

143 3110 240 3197 Pyth.
264 3110 316 3175 XI
338 3115 368 3175 5.
413 3111 467 3175 De
488 3110 631 3179 Ismenio
654 3109 800 3177 Boeekh.
820 3111 907 3198 expl.
930 3136 962 3200 p.
986 3114 1058 3177 337.

678 3304 728 3365 60.

205 3454 207 3457 -
229 3414 336 3480 Schol.
357 3415 409 3480 Ol.
434 3422 465 3481 A
485 3419 525 3481 26
547 3416 623 3500 περὶ
645 3417 683 3484 δὲ
702 3421 761 3503 τῆς
776 3421 926 3502 Δωριστὶ
940 3413 1102 3503 ἁρμονίας
1124 3422 1252 3499 εῖρηται

41 3553 44 3557 ·
144 3515 181 3579 ἐν
197 3520 360 3595 Παιᾶσιν,
384 3511 436 3581 ὅτι
456 3513 594 3598 Δώριον
616 3518 715 3601 μέλος
737 3518 944 3603 σεμνότατόν
967 3519 1067 3584 ἐστιν.
1112 3517 1164 3579 De
1186 3516 1252 3579 Do·

144 3618 184 3678 rii
205 3617 274 3679 toni
296 3616 405 3680 indole
423 3617 538 3681 morali
558 3619 627 3683 vid.
649 3620 795 3684 Boeckh.
819 3621 893 3684 MP.
916 3644 948 3705 p.
971 3621 1043 3681 238.

673 3805 724 3864 61.

230 3916 337 3982 sehin·
358 3915 461 3983 ΟΠ
489 3919 529 3979 7⁰
561 3915 599 3980 ἐν
620 3914 658 3981 δὲ
680 3928 750 3994 τοῖς
772 3920 918 3983 Παιᾶσιν
944 3923 1072 3999 εἴρηται
1096 3914 1254 3999 περὶτοῦ

145 4023 297 4105 79999οὗ
319 4021 380 4084 7οὗ
406 4016 608 4096 ἕκπῑσόνῖθῖ
628 4020 738 4105 Λαΐῳ,
767 4014 858 4086 καθά
885 4017 940 4083 καὶ
965 4016 1124 4094 Μνασέας
1151 4017 1188 4081 ἐν
1208 4023 1254 4105 τῷ

144 4122 219 4205 περὶ
241 4124 400 4206 χρησμῶν
421 4117 560 4205 γράφει·

273 4220 356 4289 Acies
378 4223 590 4307 Λαβδακίδη,
611 4215 748 4304 ἄνδρων
768 4219 960 4304 πιριάννμι
983 4217 1129 4284 πάντων.
