2932 5002
243 431 304 491 370

170 614 172 617 ·
242 591 301 670 tois
322 587 583 676 σνμποσιακὰς“)
612 586 879 651 Meleserrnus
903 585 1177 651 Atheniensis
1210 586 1366 672 sophista

242 705 325 761 teste
347 695 449 759 Suida
471 692 535 756 vol.
558 690 592 753 ll
617 693 630 751 1
653 710 685 774 p.
708 691 770 753 763
792 687 914 751 Bernh.
933 687 1058 751 Eudae.
1079 709 1111 772 p.
1125 689 1198 768 301,
1222 704 1365 770 συμπο-

242 789 359 872 τικοὺς
391 791 519 878 νόμους
553 788 803 857 Aristotelis
837 789 1065 875 Speusippi
1101 787 1364 852 Xenocratis

233 897 338 960 ‚affert
356 895 476 960 Athen.
492 896 506 959 I
521 895 627 983 p.3F
648 894 679 957 V
698 915 730 979 p.
754 892 812 954 186
824 890 862 972 B,
882 888 1294 954 GnathaenaeAtheu.
1311 889 1363 952 XI
1457 973 1462 979 Ι

243 1023 275 1087 p.
288 1000 349 1062 485
363 998 402 1061 Β.
422 997 475 1061 De
493 996 682 1080 anagnostis
703 993 746 1056 ad
766 1013 912 1055 mensam
923 991 965 1055 ad
978 990 1107 1054 erudita
1116 998 1267 1054 veterum
1286 1012 1377 1061 con-¹

244 1103 335 1166 vivia
356 1098 528 1179 adhibitis,
559 1093 752 1160 lectionibus
775 1090 1019 1173 convivalibus,
1047 1091 1184 1178 gryphis
1206 1098 1239 1154 et
1262 1113 1364 1176 quae-

244 1201 405 1268 stionibus
430 1197 568 1285 proponi
597 1196 682 1258 inter
711 1192 829 1279 pocula
856 1201 888 1255 et
915 1191 1208 1257 consultationibus
1235 1194 1365 1280 suscipi

156 1316 162 1330 '
245 1302 350 1367 solitis
372 1301 440 1385 egit
462 1300 504 1364 G.
521 1294 719 1361 Stuckius
741 1296 774 1357 in
796 1277 1077 1381 praestantissimo
1100 1315 1197 1379 opere
1218 1295 1366 1379 antiqui-

243 1415 347 1468 tatum
369 1398 589 1467 convivalium
611 1395 662 1461 ed.
681 1395 795 1480 Tigur.
820 1395 902 1457 1582
924 1394 982 1457 LB
1007 1398 1086 1458 1695
1108 1392 1232 1476 11117,
1255 1397 1304 1458 18.
1324 1399 1365 1458 19

246 1507 450 1592 Ianusque
470 1499 699 1566 Cornarius
720 1496 761 1560 de
781 1494 1008 1559 convivalibus
1029 1504 1109 1559 vett.
1134 1494 1273 1559 Graece.
1294 1517 1365 1558 mo-

245 1606 335 1670 ribus
358 1628 397 1669 ae
417 1600 621 1667 sermonibus
640 1599 692 1663 ed.
705 1598 782 1661 Bas.
799 1599 890 1662 1548.
904 1600 945 1678 8.‚
967 1600 1016 1661 uti
1037 1597 1187 1684 perhibet
1202 1600 1227 1663 l.
1241 1601 1286 1665 A.
1300 1601 1366 1664 Fa-

239 1709 370 1779 bricius
389 1704 470 1769 bibl.
494 1704 597 1789 antiq.
617 1725 650 1787 p.
674 1703 734 1764 564
759 1707 792 1763 et
812 1722 844 1786 p.
866 1702 939 1763 572.
984 1699 1129 1784 Egregie
1152 1702 1239 1766 idem
1263 1725 1365 1787 argu-

247 1818 390 1872 mentum
413 1807 591 1871 novissime
609 1810 798 1890 persecutus
829 1811 879 1865 est
905 1802 948 1865 K.
972 1800 1088 1865 Lehrs.
1113 1802 1154 1867 de
1175 1804 1368 1868 Aristarchi

248 1910 365 1973 studiis
385 1931 416 1993 p.
440 1907 619 1987 tls-219,
642 1906 699 1990 qui
721 1905 865 1968 omnium
887 1903 1070 1969 instarent.

332 2008 442 2074 Unum
470 2006 599 2072 addam.
628 2005 774 2088 Mireris,
808 2004 896 2092 quod
924 2007 1009 2069 inter
1029 2006 1204 2092 scriptores
1225 2025 1366 2093 συμπο-

248 2116 331 2177 σίων
352 2132 372 2173 a
392 2107 567 2173 Plutarcho
588 2115 854 2171 commemoratos
877 2127 943 2170 non
969 2118 1134 2192 comparet
1155 2109 1364 2197 Didymus

247 2223 358 2280 noster
380 2207 556 2274 Plutarcho
578 2205 667 2271 haud
692 2206 791 2271 dubie
817 2206 902 2272 bene
923 2216 1029 2272 notus.
1074 2211 1119 2274 At
1147 2233 1227 2276 vero
1255 2207 1299 2276 οὔ
1322 2236 1366 2297 με

248 2313 375 2401 λήθεις,
394 2308 584 2393 Plutarche,
607 2309 726 2395 quippe
746 2311 802 2394 qui
824 2308 926 2395 probe
947 2311 1094 2374 noverim
1115 2334 1238 2376 morem
1263 2316 1365 2379 istum

247 2414 533 2504 grammaticorum
571 2410 730 2497 sequioris
770 2409 887 2475 aetatis
923 2409 1084 2475 abiectum
1117 2424 1365 2480 antecessorum

248 2516 403 2586 abutendi
430 2513 615 2597 laboribus,
643 2511 801 2577 reticendi
825 2513 968 2577 nomina.
1012 2512 1124 2579 Solent
1145 2516 1300 2580 nimirum
1322 2540 1365 2582 ex

248 2642 374 2702 eorum,
394 2638 475 2704 quos
497 2615 641 2696 laudant,
661 2614 792 2699 scriptis
815 2611 884 2677 fere
906 2613 988 2677 nihil
1013 2615 1196 2701 decerpere,
1219 2616 1365 2702 plurima

248 2720 421 2805 sublegere
443 2717 493 2800 iis,
517 2739 598 2804 quos
621 2717 716 2803 quasi
731 2738 791 2802 per
812 2724 1021 2780 transennam
1044 2726 1289 2802 praetereuntes
1311 2721 1365 2784 vel

247 2846 312 2889 uno
334 2821 406 2886 loco
428 2826 631 2884 antestantur
651 2817 703 2883 vel
725 2818 910 2904 inspexisse
928 2841 963 2882 se
987 2841 1121 2904 prorsus
1140 2817 1363 2904 dissimulant,

248 2925 291 2990 ef.
311 2926 352 2989 fr.
372 2929 398 2987 l.
420 2924 450 2986 2.
471 2959 514 2969 —
535 2919 591 2985 Sic
612 2918 715 2984 verba
736 2920 854 3006 posuit,
878 2942 996 2985 nomen
1016 2919 1148 2983 reticuit
1168 2920 1365 2986 Aristoxeni

249 3026 335 3089 Plut.
358 3024 469 3109 Symp.
489 3021 505 3084 Ι
529 3043 557 3085 c.
581 3022 601 3084 6
628 3044 660 3106 p.
678 3020 797 3103 623E,
826 3020 992 3086 indicante
1014 3019 1055 3085 G.
1078 3019 1211 3085 Mahnio
1233 3046 1265 3108 p.
1290 3028 1362 3088 115.

794 3211 821 3270 l.

335 3321 447 3411 steph.
468 3321 551 3407 Bya.
574 3325 651 3402 314,
672 3323 735 3386 6M
763 3319 781 3386 ὁ
806 3328 939 3407 sonitus
967 3330 1098 3409 Θίβιος,
1132 3319 1177 3400 ὠς
1206 3319 1271 3389 ἀπὸ
1305 3331 1365 3410 τῆς

249 3434 354 3516 Θίβης
375 3420 519 3500 εὐθείας.
544 3423 611 3486 ἔστι
633 3421 670 3487 dl
693 3425 795 3501 ἔθνος
817 3423 1044 3509 daunenstade
1061 3427 1115 3492 καὶ
1132 3427 1364 3512 poossumus,

249 3529 294 3610 ὡς
325 3529 521 3611 Δίδυμος
560 3523 604 3589 ἐν
638 3529 660 3608 β
692 3533 1008 3610 συμποσιακῶν.
1052 3537 1219 3594 ‘cavatos
1250 3527 1289 3592 δὲ
1324 3528 1363 3594 τὸ

249 3637 382 3716 πνεῦμα
404 3623 527 3709 αὐτῶν,
550 3617 600 3704 οἷς
623 3618 666 3690 ἂν
685 3627 857 3716 πλησιάζῃ,
880 3627 994 3698 καὶτὰ
1016 3628 1153 3714 σώματα
1177 3624 1293 3693 αὐτῶν
1317 3634 1366 3707 εἰς

248 3733 425 3802 θάλασσαν
450 3729 592 3813 ῥιφέντα
619 3723 661 3794 οὐ
686 3728 943 3797 καταδύουσιν)
985 3733 1037 3798 De
1066 3736 1137 3821 ipso
1167 3731 1365 3797 Thibiorum

249 3856 368 3920 genere
397 3832 440 3896 ef.
461 3830 547 3896 Plut.
575 3853 679 3918 symp.
701 3833 733 3895 V
756 3836 769 3895 1
799 3856 831 3920 p.
857 3836 933 3916 224,
965 3834 1052 3899 unde
1076 3832 1170 3898 simul
1193 3845 1366 3899 auctorem

249 3935 345 3999 huius
377 3931 508 3997 fabulae
538 3932 811 4017 deprehendimus
835 3934 1110 4022 Phylarchunr
1142 3935 1366 4022 (Brueckner.

250 4035 291 4099 de
305 4035 402 4122 Phyl.
417 4032 458 4097 fr.
478 4058 510 4122 p.
524 4037 580 4124 45)
599 4039 790 4125 scriptorem
810 4036 994 4101 fabulosum
1017 4045 1114 4123 atque
1136 4037 1179 4101 ob
1197 4037 1233 4102 id
1254 4041 1368 4125 ipsum

321 4275 346 4341 l)
366 4276 438 4339 Quid
450 4275 577 4325 differant
588 4277 659 4327 inter
673 4293 703 4328 se
718 4269 878 4341 συμποτικά
890 4282 918 4328 st
930 4268 1111 4342 συμποσιακά
1127 4274 1207 4326 docet
1220 4277 1370 4331 Plutarch.

251 4364 369 4422 quaestt.
389 4361 417 4411 11
435 4361 521 4425 praei.
