2962 5018
215 420 276 481 294

217 578 373 666 κειρύλος
394 579 468 645 coll.
493 577 594 643 schol.
617 576 705 641 Avv.
729 577 806 662 300)
836 574 1058 639 Chaeridis
1087 580 1129 659 (s.
1151 598 1183 639 v.
1207 572 1331 658 κήθεια

218 683 292 749 6611.
311 682 432 767 Vespp.
455 683 517 744 672
537 678 657 744 Athen.
673 677 724 740 XI
747 700 779 763 p.
796 681 856 740 477
870 675 911 762 C)
937 676 1058 762 (Rann.
1075 678 1170 762 1060)
1191 676 1331 741 Ascle·

217 783 354 870 piadis
367 780 638 845 Alexandrini
655 786 738 865 (su.
754 779 1101 860 κολακοφοροκλείδης
1117 777 1191 843 cell.
1205 777 1329 865 Vespp.

219 886 281 949 592
310 881 454 947 Meinek.
479 881 570 945 Com.
594 882 652 945 Gr.
676 880 710 943 ΙΙ
738 901 770 965 p.
793 881 855 941 394
886 879 1002 943 Lehrs.
1038 880 1135 943 66611.
1171 880 1269 945 Alex.
1298 904 1331 967 p.

219 988 281 1050 445
302 1005 373 1069 sqq.
392 1020 435 1030 -
457 979 657 1043 Nicandrum
680 979 781 1043 semel
803 979 970 1044 laudatum
993 981 1077 1068 qu.
1104 987 1181 1066 406,
1204 983 1245 1047 de
1267 1005 1332 1070 quo

220 1086 288 1152 vid.
308 1085 422 1148 Meier.
445 1103 559 1147 comm.
580 1081 706 1144 Andoc.
729 1081 812 1144 VI3
834 1104 866 1166 p.
889 1098 969 1164 vm,
995 1084 1199 1148 Demetrium
1226 1085 1332 1149 Zene-

221 1187 352 1252 doteum
379 1184 421 1248 ad
449 1183 525 1246 Pae.
557 1182 633 1261 1⁶23,
663 1180 906 1265 Tyrannionem
936 1184 978 1248 ad
1000 1185 1107 1248 Rann.
1133 1188 1213 1248 1337
1243 1184 1332 1272 (Pla-

220 1309 289 1351 ner.
312 1308 344 1371 p.
367 1285 420 1365 8),
450 1293 547 1369 atque
570 1281 776 1344 Demetrium
802 1282 883 1345 adeo
908 1282 1123 1348 Troezenium
1154 1284 1288 1369 (Athen.
1314 1285 1331 1348 1

220 1411 253 1474 p.
277 1386 375 1466 29A,
398 1385 426 1447 si
443 1383 598 1468 temporis
620 1381 779 1444 rationem
801 1379 938 1464 habeas,
961 1386 1123 1470 inspicere
1144 1396 1255 1451 noster
1275 1410 1331 1474 po·

221 1496 315 1553 terat.
366 1485 419 1548 De
447 1482 613 1568 Antipatri
640 1479 898 1568 hypomnematis
928 1484 1029 1569 (Avv.
1056 1487 1151 1573 1403)
1182 1488 1332 1575 aKcep·

221 1590 366 1653 hicnon
389 1584 536 1650 tractatis
559 1604 624 1646 non
646 1585 751 1667 magis
781 1581 885 1646 habeo
905 1584 993 1669 quod
1008 1585 1125 1668 dicam,
1148 1610 1244 1673 quam
1259 1591 1333 1675 quis

221 1690 403 1776 Dionysius
433 1685 582 1770 Zopyrus
604 1683 691 1747 Avv.
714 1687 808 1767 ,1997
844 1682 1082 1766 intellegendus
1114 1688 1166 1750 sit.
1218 1689 1335 1753 Restat

222 1788 503 1877 Euphronius,
526 1806 621 1871 quem
644 1783 683 1848 Ο.
697 1785 887 1849 Schneider.
909 1806 940 1869 p.
956 1787 995 1846 87
1018 1784 1173 1850 Dindorf.
1196 1789 1261 1852 vol.
1279 1791 1333 1854 III

222 1916 254 1979 p.
267 1893 325 1954 391
345 1885 506 1952 Gerhard.
523 1886 563 1949 de
579 1885 760 1957 Aristarch.
776 1882 880 1971 praef.
900 1908 931 1971 p.
945 1902 996 1966 111,
1016 1886 1205 1971 imprudens
1225 1911 1332 1972 gram-

224 1991 334 2054 matici
363 1989 443 2050 satis
472 1987 603 2071 ieiuni¹)
634 1985 797 2067 laudator,
828 1986 1042 2049 recentiorem
1060 1986 1204 2073 Didymo
1229 1989 1335 2056 161666

222 2097 357 2177 putant,
392 2087 542 2172 equidem
575 2106 652 2148 vero
682 2087 867 2169 cognomini
900 2107 972 2149 meo
999 2086 1141 2152 Radulfo
1167 2089 1207 2153 de
1236 2092 1336 2156 Calli-

224 2197 326 2255 strato
348 2210 380 2273 p.
395 2189 430 2249 21
459 2195 491 2249 et
513 2186 662 2250 Nauckio
684 2185 725 2247 de
747 2186 805 2248 Ar.
821 2186 902 2271 Byz.
924 2191 990 2274 p.2
1014 2211 1046 2251 n.
1070 2188 1167 2253 facile
1189 2193 1335 2257 concedo

222 2290 276 2356 vel
294 2290 381 2354 ultra
394 2288 579 2352 Aristarchi
599 2297 745 2372 tempora
765 2287 965 2351 reiciendum
982 2287 1023 2351 ab
1039 2289 1251 2375 Euphronide
1262 2295 1338 2358 Ari-

223 2391 391 2478 stophanis
424 2389 582 2472 magistro
616 2411 680 2452 non
711 2389 877 2451 diversum
904 2410 986 2452 esse.
1038 2391 1138 2454 Cuius
1171 2396 1335 2480 opinionis

222 2493 448 2557 fulcimentum
477 2499 606 2575 practer
638 2490 743 2575 ipsum
770 2491 1047 2576 interpretationis
1076 2515 1180 2577 genus
1208 2496 1337 2562 levissi-

223 2615 312 2658 mum
335 2613 401 2656 non
423 2590 586 2654 infirmum
607 2589 668 2652 hoc
691 2599 748 2672 est,
772 2590 858 2676 quod
878 2594 1069 2678 saepissime
1092 2599 1179 2661 etin
1201 2599 1336 2665 scholiis

223 2703 256 2758 61
283 2693 362 2757 alibi
384 2691 594 2778 Euphronius
627 2693 688 2755 iste
716 2713 789 2754 cum
813 2690 1002 2759 Callistrato
1024 2697 1264 2783 Aristophaneo
1290 2702 1338 2766 ita

223 2795 428 2859 consociatus
458 2790 655 2878 appellatur,
685 2793 784 2856 semel
814 2794 911 2855 etiam
935 2817 1098 2861 unacum
1127 2795 1337 2868 Artemidoro

221 2893 477 2980 Aristophaneo,
509 2914 569 2956 nec
599 2916 663 2956 non
693 2915 767 2957 cum
790 2892 927 2958 Seleuco
948 2897 1161 2965 Aristarcheo
1183 2912 1214 2965 et
1238 2903 1337 2969 Calli·

224 2998 374 3079 strato'),
403 3004 439 3057 61
460 3016 519 3079 661
539 2993 762 3059 Callistratum
786 2996 855 3058 eius
882 2999 1039 3062 memoria
1059 3012 1240 3087 propagata
1262 3026 1336 3070 esse

223 3096 385 3160 videatur.
430 3095 514 3157 Nem
532 3095 617 3159 Plut.
639 3099 699 3160 385
723 3098 971 3180 Καλλίστρατος
993 3099 1030 3163 di
1050 3101 1117 3166 καὶ
1139 3098 1338 3185 Εὐφρόνιος

223 3196 408 3282 τραγῳδίας
430 3192 572 3277 ποιητήν
593 3213 675 3277 φασι
706 3199 835 3283 6666166
863 3201 929 3263 1616
958 3200 1075 3266 hocin
1098 3202 1182 3268 libro
1201 3206 1336 3271 adnota-

222 3298 330 3361 vimus
354 3297 400 3360 sie
419 3297 503 3359 verti
525 3295 661 3361 debere:
685 3297 924 3383 ‘Euphronius
945 3305 998 3367 661
1019 3303 1225 3370 Callistratus
1247 3310 1337 3372 testi-

223 3398 367 3463 monium
397 3397 572 3462 denunciat
605 3407 637 3472 et
669 3400 740 3484 ipse
765 3398 1003 3468 Callistratus’.
1045 3407 1207 3471 Accurete
1234 3409 1338 3493 igitur

222 3507 336 3563 auctor
364 3498 464 3564 schol.
488 3499 611 3585 Vespp.
634 3502 696 3561 602
724 3493 920 3582 Εὐφρόνιος
942 3504 1004 3587 μὲν
1025 3546 1067 3557 -
1088 3511 1338 3592 Καλλίστρατος

221 3597 269 3661 δέ.
303 3597 391 3678 Quid
411 3620 518 3684 porro,
541 3620 582 3661 ne
605 3598 646 3663 de
668 3608 774 3663 aetate
796 3599 937 3665 hominis
961 3603 1100 3688 dubites,
1124 3605 1210 3691 quod
1235 3607 1338 3673 Calli·

221 3699 372 3764 maehum
400 3701 435 3763 in
462 3698 547 3765 libro
576 3698 652 3783 περὶ
683 3695 813 3783 ὀρνέων
841 3702 1032 3788 Euphronio
1056 3707 1110 3769 isti
1139 3706 1215 3770 data
1236 3729 1338 3794 66616

223 3798 409 3891 6616661616
433 3823 506 3865 6666
526 3821 592 3866 666
614 3805 722 3889 166616
740 3804 883 3867 66616166
907 3804 1045 3869 eschol.
1064 3808 1152 3871 Avv.
1177 3811 1238 3873 766
1262 3803 1337 3873 Εὖ-

222 3897 366 3983 φρόνιός
388 3918 471 3985 φησι
494 3902 632 3969 πάππον
653 3899 777 3988 ὅρνεόν
795 3928 826 3969 τι
850 3900 936 3971 εἶναι
954 3945 997 3955 -
1020 3911 1246 3991 Καλλίμαχος·
1270 3904 1338 3974 οὐκ

290 4071 319 4134 1)
345 4073 446 4136 Quales
465 4066 734 4138 αὖτοοχιδιοὶζοντος
752 4077 890 4143 appellare
907 4080 1050 4130 consucvit
1067 4080 1210 4146 Didymus.
1248 4081 1337 4132 Inter·

219 4160 381 4223 pretationis
399 4161 517 4210 vitiosae
535 4162 686 4227 exemplum
705 4166 845 4230 egregium
864 4165 949 4216 habes
966 4166 1001 4217 ad
1015 4169 1104 4218 Rana.
1119 4168 1169 4219 305
1187 4169 1257 4218 Avv.
1269 4168 1334 4219 873.

288 4245 318 4309 2)
342 4245 414 4295 Plut.
431 4246 481 4296 385
503 4246 573 4295 Avv.
592 4247 652 4298 934.
672 4248 732 4300 998.
754 4249 822 4301 1378
845 4252 945 4317 Vespp.
968 4253 1030 4306 604.
1048 4253 1100 4304 606
1122 4254 1200 4305 Ρ1161.
1224 4254 1282 4320 165,
1301 4255 1332 4310 ll

220 4328 317 4398 (Hes.)
337 4356 371 4368 -
390 4332 490 4399 Vespp.
512 4332 579 4385 1139
598 4360 631 4370 -
649 4335 748 4388 Athen.
768 4338 807 4388 XI
826 4353 853 4405 p.
873 4338 924 4389 495
936 4339 967 4389 Ο.
