2932 5002
198 365 260 428 396

198 529 277 608 πούς
295 525 438 618 ᾅδοντας
461 526 574 620 κύκλῳ
595 539 764 597 κινεῖσθαι
787 532 862 614 περὶ
884 532 944 598 τὸυ
966 531 1100 619 βωμόν,
1123 539 1310 620 σημαίνον-

198 659 255 710 τας
277 631 340 717 τὴν
361 634 423 696 τού
445 625 543 716 ἡλίου
566 634 652 718 (οοδ.
677 637 770 718 βίον,
791 658 874 699 corr.
895 636 1018 722 Boiss.)
1040 640 1190 718 κίνησιν·
1215 632 1313 702 ιἰνιί-

198 755 345 819 σιροφος
368 729 519 815 δὲ-παρὰ
548 730 584 797 τὸ
609 728 880 818 ἆνασιρέφονιας
904 731 1029 815 αύτούς
1051 732 1233 822 εὐρύθμως
1255 763 1312 803 κι-

194 844 341 902 νεῖσθαι.
386 829 565 921 ᾐνίσσουτο
589 831 625 899 δὲ
648 831 704 900 διδ
726 833 931 921 τούτουτὴν
960 843 1021 904 τοῦ
1044 835 1141 925 ἡλίου
1162 843 1311 924 κίνησιν,

197 932 313 1020 ἐπειδὴ
336 934 398 1022 τὴν
416 938 572 1002 ἐναντίαν
592 924 692 1014 οὗτος
710 939 806 1002 δοκεῖ
814 940 859 1024 τῷ
882 935 997 1027 κόσμῳ
1014 949 1194 1007 ποιεῖσθαι.
1219 941 1311 1028 ἐπῳ-

197 1039 255 1117 δὸς
284 1039 338 1124 δι’,
368 1034 484 1122 ἐπειδὴ
511 1034 683 1119 ἱστάμενοι
711 1035 853 1121 ἐπῇδον,
884 1037 939 1103 διὰ
968 1045 1068 1105 τοῦτο
1094 1037 1131 1106 cd
1160 1044 1312 1126 ἔμμονον

145 1157 147 1161 ’
197 1142 248 1208 καὶ
272 1137 411 1226 στερεὸν
437 1146 494 1223 τῆς
524 1143 584 1224 γῆς
606 1141 832 1219 παριστιύνιες
858 1140 915 1225 (ef.
943 1141 1060 1206 Galen.
1084 1144 1123 1208 Τ.
1153 1144 1222 1231 Ip.
1245 1149 1311 1210 556

60 1263 88 1327 j
197 1246 248 1310 ed.
269 1245 346 1308 Bas.
373 1241 528 1308 Cratand.
556 1241 662 1326 1588).
708 1235 797 1320 λύρα
826 1243 944 1305 τοίνυν
966 1243 1229 1331 προσηγορεύθη
1252 1245 1310 1313 διὰ

196 1343 232 1411 τύ
258 1343 390 1427 λύθρον
410 1337 477 1409 ὑπὸ
494 1336 617 1427 Ἑρμοῦ
639 1337 801 1405 δεδόσθαι
818 1346 875 1426 τῆς
895 1349 1022 1427 κλοπῆς
1037 1349 1105 1410 τῶν
1130 1351 1223 1431 βοοῖν
1245 1351 1310 1412 τοῦ

193 1443 411 1529 Ἀπόλλωνος,
432 1441 587 1527 καθάπερ
611 1441 714 1527 φησὶν
730 1437 917 1527 Εὐριπίδης
935 1444 972 1509 ἐν
991 1441 1149 1534 Ἀντιόπῃ
1172 1449 1309 1535 (fragm.

196 1553 237 1614 28
260 1550 396 1636 Wagn.)
421 1544 527 1630 ‘idon
550 1548 643 1631 βοῶν
664 1541 752 1630 ρύσα
776 1547 852 1631 (sic)
875 1540 1097 1631 ἐξερρύσατο.’

280 1651 326 1715 At
346 1650 427 1714 haec
450 1649 662 1737 quominusa
685 1646 831 1732 Didymo
852 1648 999 1733 profecta
1022 1673 1093 1715 esse
1114 1660 1308 1734 statuamus,

195 1754 332 1842 impedit
353 1754 474 1816 iniecta
496 1750 675 1816 Ptolemaei
697 1750 863 1832 memoria,
886 1754 1034 1836 quamvis
1057 1752 1143 1818 haud
1167 1760 1310 1839 negave-

195 1858 255 1921 rim
281 1854 503 1919 Ptolemaeum
532 1852 672 1916 fortasse
700 1851 837 1937 Didymi
870 1853 910 1915 de
938 1852 1051 1938 lyricis
1079 1856 1183 1939 poetis
1216 1856 1310 1920 volu·
1380 1925 1389 1940 ,

193 1959 281 2022 mine
304 1979 399 2020 usum
428 1978 510 2020 esse.
555 1955 608 2018 De
628 1954 790 2041 Lysania,
818 1954 874 2041 qui
903 1956 996 2019 testis
1021 1956 1228 2042 producitur,
1264 1958 1310 2022 ef.

196 2060 367 2143 Thrigium
390 2059 423 2121 in
445 2057 619 2143 Cyrenaic.
652 2059 735 2138 §93
756 2079 788 2142 p.
809 2060 869 2120 354
901 2080 971 2144 sqq.
1024 2057 1112 2137 Quid
1140 2060 1312 2144 scripserit

193 2161 377 2224 accuratius
407 2159 558 2245 exposuit
583 2158 699 2222 Aelius
723 2158 841 2223 Festus
870 2159 1077 2245 Aphthonius
1100 2183 1132 2245 p.
1164 2163 1221 2223 241
1255 2161 1309 2226 cd.

194 2262 319 2327 Gaisi.:
343 2259 461 2344 εμέλος
483 2269 603 2343 autem,
625 2260 712 2347 quod
732 2283 774 2324 ex
796 2260 846 2326 his
869 2263 1023 2344 nascitur,
1048 2262 1170 2327 dictum
1191 2272 1312 2350 putant

193 2387 214 2428 a
231 2363 353 2428 Meline
367 2363 492 2427 Oceani
512 2361 590 2445 filia,
611 2385 707 2449 quam
732 2363 870 2449 primam
882 2363 931 2426 IV
952 2348 1082 2427 chordis
1104 2386 1197 2427 usam
1220 2364 1311 2428 affir-

193 2475 260 2531 mat
285 2466 478 2553 Lysanias.'
523 2465 598 2530 Huc
624 2467 766 2552 pertinet
793 2466 890 2528 etiam
915 2464 1023 2528 Cram.
1041 2466 1179 2530 anecdd.
1202 2465 1310 2530 OrcI

192 2593 224 2656 p.
245 2572 317 2651 285,
345 2590 409 2655 quo
431 2567 562 2634 deloco
584 2568 655 2633 dixi
678 2568 712 2630 in
734 2566 855 2652 dithyr.
875 2589 907 2652 p.
923 2567 974 2629 85.
995 2605 1039 2616 -
1061 2566 1219 2631 Eiusdem
1241 2567 1310 2655 Ly-

196 2674 307 2736 saniae
328 2660 577 2753 meminerunt,
594 2671 629 2734 ni
659 2669 771 2750 fallor,
804 2668 894 2732 Suid.
931 2689 957 2731 s.
991 2684 1023 2731 v.
1055 2661 1309 2750 Ἐρατοσθένης.

194 2774 294 2858 mog.
309 2773 370 2837 aa.
391 2772 440 2836 vr
455 2777 485 2856 5,
500 2775 538 2835 ιο
561 2771 682 2836 Athen.
706 2771 773 2834 vu
795 2795 827 2857 p.
849 2772 909 2833 sor
931 2769 1027 2833 uxr
1048 2792 1080 2856 p.
1099 2774 1159 2833 ιιι
1184 2770 1310 2834 axrv

193 2899 225 2962 p.
239 2879 300 2940 620
325 2875 351 2939 Ο
378 2873 478 2939 schol.
499 2875 595 2939 Voss.
618 2875 715 2939 Hom.
739 2873 778 2938 Il.
801 2878 821 2937 1
843 2874 904 2936 378
922 2872 1103 2936 Herodian.
1128 2871 1166 2936 Il.
1190 2875 1310 2937 17558

195 2977 311 3062 (Wolf.
331 2977 414 3063 prol.
430 2976 611 3041 CXXXVI
630 2976 746 3040 Lehrs.
762 2975 865 3039 Arist.
884 2998 916 3061 p.
932 2975 1008 3059 323)
1032 2983 1073 3038 et.
1098 2997 1140 3037 m.
1164 2977 1237 3055 779,
1259 2976 1309 3039 9?

94 3094 95 3097 ’
193 3082 272 3159 257,
296 3081 336 3141 36
365 3077 515 3141 Eustath.
547 3082 627 3143 1099
658 3078 770 3164 (1075)
798 3077 875 3141 Bas.
906 3076 1015 3140 annal.
1044 3074 1197 3140 Heidelb.
1225 3079 1309 3140 1817

191 3203 223 3266 p.
248 3182 320 3243 425.

716 3299 776 3378 16.

558 3430 660 3510 Περὶ
682 3431 928 3514 παροιμιῶν.

280 3588 340 3651 ‘In
361 3586 454 3650 libris
473 3583 720 3673 proverbiorum
743 3584 918 3670 Didymus,
946 3603 1028 3667 quos
1051 3580 1312 3646 concinnaverat

190 3686 357 3766 tredecim,
380 3685 581 3770 superiorum
604 3685 735 3749 videtur
756 3683 958 3748 narrationes
983 3703 1080 3767 saepe
1099 3681 1251 3745 dissonas
1275 3691 1310 3744 et

191 3789 331 3855 absonas
354 3785 539 3851 convellere
561 3787 752 3851 instituisse.
783 3786 822 3850 Id
844 3783 930 3871 quod
951 3781 1005 3846 vel
1028 3806 1071 3847 ex
1089 3782 1308 3867 inscriptione

190 3886 303 3951 claret.
348 3886 520 3951 Helladius
543 3887 652 3953 Photii
683 3912 715 3975 p.
740 3889 817 3970 865,
852 3889 891 3949 22
924 3885 1098 3952 Hoeschel.
1129 3884 1213 3971 [cod.
1239 3888 1308 3967 ,279

190 4010 223 4074 p.
237 3990 298 4050 536
317 4010 337 4051 a
357 3992 394 4052 10
412 3988 533 4077 Baka]
557 3984 608 4053 ὅτι
631 3992 816 4072 Δίδυμος
838 3987 913 4069 περὶ
934 3991 1122 4071 παροιμιῶν
1144 3987 1309 4070 δεκατρία

192 4093 305 4174 βιβλία
336 4089 515 4173 συυνίταχε
551 4091 629 4178 [καὶ]
664 4087 771 4171 πρὸς
804 4087 905 4168 πούς
937 4089 1030 4171 περὶ
1065 4094 1312 4173 παροιμιῶν

189 4187 497 4273 σνντεταχύπας
525 4191 759 4276 ἐπιγράψας
782 4188 916 4257 scitust
962 4191 1203 4256 Schneidewini
1230 4203 1312 4256 sunt

188 4290 291 4355 verba
301 4293 335 4354 in
344 4293 448 4376 praef.
460 4294 503 4358 ad
512 4317 655 4379 paroem.
669 4294 734 4360 vol.
752 4295 811 4381 Ip.
824 4312 896 4358 x1v.
932 4293 985 4360 cf.
1010 4292 1102 4359 Suid.
1125 4288 1309 4379 Ζηνόβιος.
