2932 5002
1178 422 1236 484 371

124 607 144 648 a
164 585 308 671 Didymo
340 583 554 647 Chalcentero
583 582 761 647 lectiuttunr
788 585 983 670 saepiusque
1006 606 1140 649 numero
1162 590 1240 650 cita-

125 694 204 750 tum.
250 686 347 750 Hunc
374 687 475 769 igitur
502 687 608 771 ipsum
639 684 692 748 vel
721 683 900 770 Didymum
931 686 1012 750 adiit
1034 686 1131 749 etiam
1153 687 1238 752 Plin.

125 786 156 850 h.
168 810 201 851 n.
223 787 289 850 VII
304 790 333 870 2,
357 788 423 874 qui,
446 807 640 873 quamquam
663 805 705 848 ne
726 806 792 848 uno
813 785 943 870 quidem
966 779 1037 850 loco
1058 786 1239 874 Didymum

124 889 209 952 inter
236 899 389 954 externos
418 896 567 951 auctores
589 887 707 967 refert,
736 888 868 970 gemina
898 898 1020 951 narrat.
1064 888 1240 954 Praeterea

124 990 167 1053 cf.
189 990 269 1054 Hes.
301 1013 328 1054 s.
351 1012 383 1053 v.
408 992 538 1073 Θίβεις,
567 1010 631 1074 quo
661 987 731 1052 loco
761 984 898 1050 Salmas.
930 1010 1006 1052 cxx.
1030 989 1115 1054 Plin.
1137 1012 1170 1076 p.
1197 995 1238 1055 47

125 1090 276 1155 emendat
298 1094 411 1173 Θιβεῖς
433 1087 550 1173 γόητές
572 1111 669 1165 τινες.
700 1087 799 1173 Apud
820 1084 1032 1154 Plutarchum
1055 1091 1149 1155 codd.
1169 1092 1238 1156 fere

126 1192 269 1254 omnium
281 1191 378 1256 lectio
393 1200 443 1256 ost
458 1195 590 1274 Θηβεῖς,
612 1189 700 1276 quod
716 1210 781 1252 non
797 1192 940 1254 correxit
951 1192 1153 1256 Bruecknor.
1170 1193 1191 1256 Ι.
1205 1193 1238 1275 1.,

125 1295 248 1377 Θνβεῐς
269 1292 391 1357 habent
411 1293 485 1357 edd.
499 1292 575 1355 Bas.
597 1290 689 1386 Xqu
711 1294 838 1373 Θιβιεῖς
859 1292 913 1356 vel
936 1296 1047 1378 Θίβιοι
1068 1295 1239 1380 proposuit

125 1392 236 1457 Vales.
259 1395 408 1460 emendd.
432 1396 463 1459 V
479 1392 499 1458 8
521 1396 643 1477 Θίβιοι,
667 1391 784 1455 Luolrt.
805 1401 837 1456 et
850 1393 999 1459 Mueller.
1023 1395 1063 1459 fr.
1085 1395 1161 1459 hist.
1178 1396 1237 1460 Gr.

125 1495 142 1558 I
164 1517 196 1581 p.
219 1497 292 1559 354.
338 1495 512 1561 Thomsius
537 1496 643 1559 locum
665 1493 783 1557 omisit.
812 1493 866 1557 De
888 1495 959 1559 loco
979 1494 1087 1560 Thiba
1101 1495 1238 1560 Pontico

124 1596 166 1660 ab
188 1597 372 1679 Amazone,
399 1619 496 1683 quam
518 1593 679 1658 Hercules
701 1593 880 1676 interfecit,
907 1596 994 1660 dicto
1017 1596 1060 1661 ef.
1081 1597 1237 1661 Arrhian.

126 1697 295 1762 Nicomed.
319 1719 370 1783 ap.
394 1696 544 1760 Eustath.
565 1694 608 1758 ad
627 1694 767 1781 Dionys.
790 1694 863 1757 Per.
888 1697 961 1760 828.
989 1696 1079 1762 Inter
1098 1698 1237 1786 populos

126 1798 355 1862 effascinantes
389 1798 590 1873 Nasamones
619 1816 747 1883 quoque
780 1807 991 1874 numerantur
1026 1822 1078 1886 ap.
1112 1799 1236 1864 Herod.

124 1901 157 1963 11
182 1904 222 1964 33
245 1901 293 1964 IV
317 1904 385 1965 195.
418 1901 469 1964 cf.
493 1897 639 1964 Lobeck.
662 1896 825 1983 Aglaoph.
845 1898 880 1961 Π
899 1903 979 1963 1196
1001 1901 1075 1965 coll.
1091 1904 1153 1965 972
1165 1924 1237 1988 sqq.

666 2085 695 2145 2.

209 2204 263 2268 Et.
288 2227 329 2268 m.
352 2207 410 2268 651
438 2201 543 2290 [718],
566 2204 606 2265 35
640 2195 794 2265 σκολιὰ
816 2197 855 2264 τὰ
879 2198 1068 2285 συμποτικὰ
1090 2198 1236 2290 ᾅσματα·

125 2311 179 2371 Δι’
186 2309 206 2370 d
214 2303 315 2388 νμός
336 2323 442 2387 φησιν
464 2300 652 2385 διαφόρους
669 2301 886 2385 ἐτυμολογίας
901 2303 945 2366 ἐν
963 2327 985 2385 γ
1002 2319 1239 2387 συμποσια-

125 2410 220 2471 κῶν.
277 2406 338 2469 Cui
371 2404 492 2468 ibidem
524 2406 583 2468 Ori
618 2405 793 2489 opponitur
825 2403 1045 2489 explicatio¹).
1101 2405 1239 2492 Didymi

126 2508 311 2594 exemplum
340 2506 443 2568 secuti
470 2513 502 2567 ct
530 2504 719 2568 Athenaeus
742 2504 807 2567 XV
835 2529 866 2592 p.
897 2506 1059 2570 69311-
1080 2507 1183 2570 696ss
1207 2519 1240 2571 et

125 2609 319 2675 Plutarchus
343 2607 455 2692 Symp.
480 2605 497 2670 Ι
522 2610 534 2667 1
560 2629 592 2691 p.
621 2609 679 2668 155
705 2605 851 2670 Tauchn.
883 2606 924 2671 de
951 2606 1125 2671 scoliorum
1145 2605 1238 2695 poesi

124 2713 331 2798 nominisque
357 2707 556 2793 etymologia
584 2707 845 2792 disputaverunt.
896 2707 1061 2793 Didymus
1090 2729 1169 2772 vero
1197 2710 1238 2774 de

125 2814 299 2880 scoliorum
327 2810 511 2896 veriloquio
538 2811 671 2874 iteravit
698 2811 731 2872 in
759 2809 842 2873 libro
869 2808 945 2891 περὶ
966 2811 1117 2889 λυρικῶν
1139 2830 1238 2894 ποιη-

126 2920 205 2998 τῶν,
227 2915 293 2977 nisi
313 2913 418 2976 mavis
440 2934 493 2997 ap.
517 2920 559 2975 et.
583 2933 625 2974 m.
652 2915 724 2992 651,
747 2914 788 2974 85
810 2912 1018 2993 Δίδυμος-
1036 2911 1074 2974 ἐν
1095 2913 1141 2998 τῷ
1162 2907 1238 2991 περὶ

128 3019 277 3098 ποιητῶν
291 3013 347 3078 καὶ
356 3007 564 3100 Ἡρῳδιανός
579 3011 616 3075 ἐν
628 3034 649 3094 μ
663 3015 916 3094 συμποσιακῶν.
927 3011 1170 3076 —Dicaearchi
1184 3033 1236 3097 ap.

127 3118 218 3183 Suid.
242 3128 275 3181 et
294 3114 395 3180 schol.
420 3114 556 3179 Lucian.
578 3136 637 3200 pro
658 3114 739 3200 laps.
762 3113 828 3177 vol.
843 3114 893 3178 IV
912 3137 944 3200 p.
960 3117 1019 3178 116
1042 3113 1093 3177 ed.
1118 3113 1237 3196 lacha,

126 3219 318 3285 Aristoxeni
338 3226 371 3281 et
389 3216 552 3302 Phyllidis
575 3217 691 3281 musici
710 3239 762 3303 ap.
785 3217 925 3300 eosdem,
948 3216 1136 3281 Artemonis
1161 3216 1238 3280 Cas·

126 3322 259 3387 sandrei
286 3342 338 3407 ap.
364 3319 484 3384 Athen.
511 3318 576 3382 XV
603 3340 635 3404 p.
658 3321 720 3382 994
750 3318 893 3404 prolatas
922 3319 1065 3383 nominis
1093 3319 1238 3381 rationes

126 3426 205 3513 quin
227 3423 391 3509 Didymus
413 3422 612 3507 apposuerit,
635 3443 700 3485 non
723 3420 883 3506 estquod
906 3419 1047 3484 dubites.
1071 3411 1239 3498 Ὑπομνη-

126 3551 171 3609 μα
190 3524 266 3605 περὶ
285 3527 345 3587 τοῦ
361 3526 499 3588 σκολιοῦ
522 3522 645 3604 μέτρου
664 3523 796 3609 scripsit
814 3521 983 3606 Tyrannio
1006 3520 1238 3601 grammaticus

127 3624 266 3689 testibus
289 3623 391 3686 Suida
411 3633 445 3685 et
468 3622 568 3685 schol.
591 3622 649 3684 Ar.
673 3622 780 3686 Rann.
807 3624 903 3701 1337,
928 3641 1024 3705 quem
1045 3619 1237 3681 Amisonum

128 3747 201 3789 esse
224 3725 336 3788 statuit
360 3721 404 3784 H.
429 3719 558 3783 Planer.
585 3720 626 3784 de
650 3721 862 3807 Tyrannione
891 3719 1103 3804 grammatico
1129 3717 1237 3780 Berol.

131 3828 221 3890 1852.
249 3829 280 3889 4.
302 3845 334 3909 p.
355 3824 385 3886 8.
667 3909 686 3970 3

212 4027 325 4114 Steph.
347 4020 429 4112 Byr..
451 4046 483 4110 p.
507 4027 580 4106 395,
605 4029 617 4087 1
643 4025 693 4088 ed.
717 4022 862 4088 Meinek.
889 4010 1010 4096 Ἠτις·
1043 4022 1147 4103 δῆμος
1170 4025 1239 4083 Λα-

200 4185 228 4251 l)
248 4187 291 4236 Ex
307 4184 425 4248 Didymo
452 4182 535 4232 dueta
554 4196 615 4231 esse
632 4196 702 4246 quae
720 4178 882 4230 Errstathius
908 4177 943 4228 ad
962 4176 1062 4241 Odyas.
1080 4192 1097 4240 η
1117 4193 1143 4241 p.
1164 4176 1238 4237 1571,

129 4275 162 4324 12
180 4274 204 4323 R
222 4272 255 4323 de
274 4271 349 4322 scolii
368 4270 518 4335 veriloquio
538 4269 661 4334 perhibet
679 4268 834 4333 suspicatur
851 4265 993 4315 Iacohsins
1012 4267 1083 4313 teste
1096 4264 1128 4316 D.
1152 4261 1238 4327 llgen.

128 4359 222 4423 inquis.
243 4359 277 4409 de
294 4359 360 4413 scol.
379 4373 454 4423 poss.
474 4374 500 4422 p.
518 4355 604 4408 XCII.
964 4428 984 4489 2
1016 4429 1028 4461 ᾳ

986 4431 1005 4489 4
