2964 5010
242 375 283 438 28

242 538 330 634 eidi
352 537 409 618 τὰς
431 535 581 627 κωμικὰς
602 542 671 628 ίδίᾳ
693 538 748 604 καλ
770 535 829 616 τὰς
850 537 1025 623 τραγικύς,
1048 531 1094 615 ὡς
1106 539 1201 604 Θέων
1223 539 1355 608 καλΔί-

240 647 347 728 δυμος
368 642 423 709 καλ
445 641 551 729 ἕτεροι
575 648 736 727 τοιοῦτοι,
756 641 943 707 Meinekius
965 642 1078 707 statuit
1101 643 1133 706 in
1158 653 1283 730 quaest.
1304 667 1352 709 sc.

239 747 293 812 111
312 771 343 835 p.
357 751 388 830 5,
410 769 507 834 quem
529 745 652 833 Bergk.
676 748 710 811 in
732 767 848 811 comm.
871 745 912 810 de
932 744 1047 832 reliqq.
1071 767 1153 811 com.
1174 746 1244 811 Att.
1262 769 1294 834 p.
1312 752 1353 813 66

241 852 401 938 sequitur,
422 852 507 916 insto
529 850 591 915 hoc
609 849 739 938 quidem
765 848 868 913 frctus
889 855 1030 929 auctore,
1049 856 1086 912 ut
1103 848 1243 933 videtur,
1265 849 1354 936 cnpi-

240 954 325 1019 dius.
358 953 411 1019 Ita
432 954 519 1018 enim
539 953 593 1018 hic
613 952 703 1018 locus
725 959 931 1038 comparatus
954 959 1013 1033 est,
1036 960 1072 1015 ut
1090 974 1131 1016 ne
1146 951 1208 1016 hoc
1222 951 1355 1039 quidem

240 1056 391 1141 dignosci
417 1057 538 1144 possit,
566 1064 675 1120 utrum
698 1054 884 1142 Hesychius
904 1052 1043 1141 Didymi
1068 1053 1240 1119 adsiduam
1264 1053 1354 1119 illam

240 1167 338 1245 atque
367 1158 507 1222 ferream
537 1156 732 1221 industriam
764 1157 895 1221 omnino
929 1156 965 1219 in
995 1155 1101 1220 lexico
1128 1157 1252 1221 comico
1279 1178 1354 1223 con·

241 1260 349 1326 dendo
371 1261 510 1347 positam
533 1259 636 1325 fuisse
658 1259 755 1343 dicat,
778 1281 821 1323 an
843 1260 1072 1324 tortuosiorem
1095 1258 1259 1345 quandam
1283 1283 1374 1325 ver-⁴

240 1361 356 1427 borum
376 1369 571 1427 structuram
591 1370 783 1447 aucupatus,
805 1362 915 1448 priora
937 1360 995 1425 illa
1013 1361 1121 1438 verba
1133 1356 1192 1438 τὰς
1206 1357 1354 1445 κωμικὰς

240 1465 283 1530 ad
305 1463 471 1529 Thoonem
492 1462 610 1546 solnm,
636 1465 834 1550 posteriora,
856 1486 940 1552 quae
960 1473 1126 1551 tamquam
1146 1485 1189 1529 ex
1212 1464 1352 1530 adverso

239 1575 413 1655 ponuntur,
435 1562 493 1643 τὰς
512 1562 681 1650 τραγικὰς,
703 1566 747 1631 ad
766 1567 863 1632 unius
875 1566 1013 1654 Didymi
1034 1568 1224 1632 memoriam
1235 1567 1353 1631 referri

241 1668 397 1756 voluerit:
422 1691 562 1756 namque
583 1664 748 1752 τραγικὴν
771 1669 861 1747 λέξιν
882 1668 1035 1757 Didymi,
1054 1691 1135 1756 opus
1158 1669 1355 1756 spatiosissi-

240 1795 343 1856 mum,
370 1771 505 1837 landant
526 1771 720 1858 Harpocrat.
747 1776 822 1854 134,
845 1773 864 1835 2
884 1771 993 1836 Bekk.
1017 1780 1050 1836 et
1078 1771 1186 1836 Beklr.
1214 1772 1354 1837 anecdd.

241 1899 272 1962 p.
295 1877 371 1956 349,
393 1878 423 1939 6.
468 1873 534 1939 Sed
556 1896 597 1939 ne
620 1874 818 1938 comicorum
840 1874 972 1962 quidem
994 1873 1228 1939 vocabulorum
1249 1873 1355 1961 supel-

241 1976 383 2042 lectilem
407 1975 591 2062 neglectam
612 1976 846 2064 disiectamque
868 1977 975 2041 iacere
997 1974 1141 2042 voluisse
1163 1975 1355 2064 Didymum,

112 2105 114 2110 ’
242 2078 275 2142 id
305 2077 392 2164 qnod
415 2099 458 2141 ex
478 2076 637 2164 Hesychii
662 2076 773 2142 verbis
804 2079 874 2143 erui
901 2078 992 2143 nulla
1017 2087 1087 2144 arte
1113 2086 1235 2166 potest,
1269 2079 1355 2145 forte

241 2180 373 2245 fortuna
393 2179 481 2245 Orus
502 2179 650 2246 Milesius
679 2190 792 2246 auctor
814 2183 1029 2266 gravissimus
1052 2181 1139 2247 edite
1160 2189 1299 2247 testatur
1321 2184 1355 2246 in

241 2291 284 2348 et.
297 2303 376 2348 msc.
387 2280 469 2348 bibl.
482 2304 551 2368 reg.
563 2305 615 2370 ap.
629 2283 762 2348 Ruhnk.
774 2286 810 2348 in
822 2284 926 2370 praef.
940 2285 983 2350 ad
994 2284 1074 2350 Hes.
1087 2307 1119 2371 p.
1132 2283 1194 2349 IX.
1210 2283 1353 2370 καρύκη]

241 2380 319 2450 ὅδὲ
340 2386 533 2468 Δίδυμος
561 2380 690 2450 Λύδιον
719 2382 838 2470 βρῶμά
866 2404 972 2470 φησιν
991 2425 1035 2437 -
1058 2385 1142 2471 φησί
1161 2382 1225 2470 γὰρ
1245 2385 1286 2452 ἐν
1309 2393 1356 2474 τῇ

241 2491 404 2574 κωμικῇ
426 2486 535 2565 λέξει
554 2485 590 2553 ἐκ
610 2491 817 2566 πολυτελοῦς
835 2492 1016 2567 σκευασίας
1032 2491 1264 2573 συγκείμενον·
1287 2487 1354 2573 ἐγώ

240 2587 278 2655 δὲ
312 2593 371 2679 (sc.
395 2591 495 2679 Orus)
530 2584 621 2675 οἶμαι
648 2588 713 2658 κτὲ.
748 2591 822 2658 coll.
853 2592 924 2658 cod.
954 2592 1029 2657 Par.
1056 2592 1139 2655 2630
1167 2613 1218 2677 ap.
1244 2591 1353 2657 Bekk.

240 2695 377 2762 anecdd.
400 2695 453 2760 ΙΙΙ
479 2698 569 2779 1386,
592 2696 699 2783 quode
719 2696 757 2760 F.
781 2696 938 2762 Ritschel.
963 2695 1005 2764 de
1026 2696 1093 2760 Oro
1114 2719 1146 2783 p.
1171 2698 1222 2759 70.
1246 2704 1288 2760 et.
1310 2720 1354 2761 m·

240 2800 312 2879 492,
336 2800 387 2861 52.
410 2792 775 2883 Καρύκκη·Ἕψημύ
796 2820 827 2863 τι
849 2792 906 2884 δι’,
921 2799 1057 2882 αἳματος
1075 2797 1130 2863 καλ
1152 2791 1355 2881 ἀρτυμάτων

241 2902 419 2965 τιαντοίων.
457 2893 474 2963 ὁ
497 2899 533 2965 δὲ
557 2901 709 2984 Δίδυμος
731 2896 868 2967 Λύδιον
884 2895 1004 2986 βρῶμά
1023 2917 1129 2983 φησιν
1151 2898 1188 2964 ἐκ
1210 2899 1356 2966 πολυτέ-

240 3005 321 3078 λους
340 3004 519 3078 σκευασίας
545 3004 782 3085 συγκείμενον·
823 2999 888 3086 ἐγω
914 2997 952 3066 δὲ
979 2996 1070 3084 οἶμαι
1102 2998 1255 3086 καρύκην
1277 3002 1355 3088 (sic)

240 3095 323 3167 αύτδ
346 3101 515 3186 λέγεσθαι,
537 3101 652 3186 ἐπειδὴ
675 3104 778 3188 μέλαν
799 3104 877 3169 ἐστί.
908 3087 998 3187 Φησί
1017 3098 1082 3187 γὰρ
1105 3103 1143 3168 ἐν
1164 3107 1205 3190 τῇ
1224 3107 1356 3188 κωμικῇ

240 3203 325 3283 λέξει
353 3198 459 3269 οὕτω·
493 3204 717 3290 (Καρύκιον,
731 3205 946 3292 καρυοβαφίς
970 3203 1026 3271 καλ
1053 3204 1179 3290 κάρυος
1200 3204 1296 3290 δύος·
1335 3200 1354 3270 ὁ

240 3307 340 3392 μέλας
367 3304 469 3393 ῥόος)
516 3303 655 3374 Οὐκοῦν
683 3308 720 3375 ἐκ
742 3306 868 3375 τούτου
897 3302 988 3392 οἶμαι
1012 3307 1170 3391 λέγεσθαι
1188 3304 1353 3391 καρύκην.

241 3420 282 3475 et.
308 3409 395 3476 Gnd.
423 3414 503 3493 301,
525 3413 565 3474 37
595 3410 632 3475 ἐν
664 3414 709 3499 τῷ
733 3416 870 3501 κωμικῷ
902 3412 949 3500 (h.
978 3435 1006 3477 e.
1038 3412 1179 3499 λεξικῷ).
1225 3409 1356 3475 Videsis

239 3522 410 3600 praeterea
436 3511 556 3578 Athen.
587 3514 658 3579 XII
688 3519 750 3581 516
778 3516 872 3583 Phot.
904 3518 1011 3598 134,4
1041 3514 1132 3578 Suid.
1156 3512 1191 3577 II
1220 3517 1233 3575 1
1258 3535 1289 3599 p.
1314 3516 1355 3578 85

242 3614 362 3680 Bernh.
393 3614 433 3679 L.
462 3614 602 3680 Bachm.·
632 3617 769 3682 anecdd.
795 3618 856 3682 268
891 3617 994 3682 Moer.
1027 3616 1096 3680 An.
1125 3617 1203 3697 200,
1233 3618 1271 3679 34
1303 3615 1356 3679 ed.

240 3716 349 3782 Bekk.
370 3717 518 3784 Erotian.
543 3721 620 3804 204,
642 3725 660 3786 6
684 3721 800 3786 Galen.
821 3719 876 3785 lex
897 3719 1054 3807 Hippoer.
1078 3719 1140 3781 492
1163 3717 1214 3782 ed.
1237 3717 1355 3781 Franz.

240 3819 348 3885 Schol.
379 3819 516 3887 anian.
546 3821 611 3889 vol.
640 3823 690 3887 IV
718 3847 750 3910 p.
780 3827 818 3887 51
851 3822 902 3888 sd.
936 3820 1045 3887 lacbz.
1072 3819 1217 3906 Hesych.
1248 3818 1266 3883 I
1296 3823 1355 3884 157

240 3921 381 4006 καρύκη.
414 3922 600 4009 καρυμνόν.
634 3929 834 4010 καρυχροδς.
868 3924 1067 4011 Theognost.
1093 3922 1129 3988 II
1157 3944 1189 4009 p.
1220 3925 1353 4005 110,11

240 4025 385 4091 Cramer.
408 4065 451 4077 -
471 4027 604 4092 Martin.
634 4051 667 4115 p.
690 4032 751 4094 387
786 4029 932 4094 Nunnes.
961 4027 1003 4092 ad
1034 4026 1158 4112 Phryn.
1191 4048 1223 4112 p.
1255 4028 1296 4090 69
1326 4024 1355 4091 I.

240 4127 377 4193 Pierson
398 4128 501 4193 Moer.
523 4150 556 4214 p.
577 4128 675 4193 22οΒ
708 4129 747 4194 F.
766 4130 880 4217 Poppo
903 4129 947 4194 ad
967 4127 1055 4193 Xen.
1079 4127 1159 4214 (lyr.
1180 4126 1266 4193 VIII
1285 4131 1315 4211 3,
1336 4131 1355 4192 3

241 4229 284 4294 Α.
305 4227 451 4294 Meinek.
472 4228 628 4296 Menand.
649 4253 682 4317 p.
708 4234 779 4295 170.

325 4328 418 4409 Quae
435 4352 510 4396 cum
531 4332 577 4397 ita
598 4333 673 4415 sint,
694 4353 852 4421 perquam
874 4353 953 4397 sane
971 4328 1130 4397 credibile
1150 4337 1210 4413 est,
1232 4329 1357 4416 Dioge·
