2948 5024
587 436 799 497 „M-

223 701 272 759 11.
295 697 438 761 ἔπλεν·
463 692 571 776 οὕτως
592 610 811 786 Ἀρίσδάρχος.
834 703 906 767 ΑΒ.

217 790 439 880 [Ἀρίσταρχος
459 801 583 865 ἔπλεν
602 798 668 866 σύν
689 807 736 891 τῷ
757 829 788 886 ν,
812 803 849 868 ἐκ
865 809 927 868 τοῦ
941 806 1059 871 ἔπελεν
1075 808 1250 895 συγκοπὴν

84 926 87 933 ’
135 896 322 990 δεχόμενος.
361 895 551 982 Ζηνόδοτος
583 904 698 989 ἔπλε,
738 905 828 990 (εδδ.
860 900 902 970 ἵν’
934 896 969 992 η’)
1000 901 1155 994 ἀποκοπή
1188 919 1249 977 τοῦ

136 1000 260 1065 ἔπλετο.
284 1000 338 1078 V.]

219 1105 268 1166 26.
284 1103 459 1186 συνεχές
476 1098 688 1192 Ἀρίσταρχος
702 1104 757 1173 καὶ
768 1102 1014 1192 Ἀριστοφάνης
1030 1107 1087 1176 διά
1099 1116 1162 1177 τοῦ
1178 1111 1249 1179 ἑτέ·

133 1225 196 1286 ρον
218 1227 246 1265 ν.
268 1204 311 1268 Α.

214 1307 265 1368 30.
289 1301 398 1384 οὕτως
418 1302 628 1393 Ἀρίσταρχος
646 1310 856 1394 ἐποίησεν.
879 1313 921 1375 Α.

212 1409 264 1469 46.
285 1401 528 1494 Ἀριστοφάνης
558 1411 654 1494 ἐμαί
660 1435 764 1476 νετο.
787 1414 829 1476 A.

211 1509 263 1571 44.
284 1502 436 1576 ἀντίοι·
461 1509 625 1596 γράφεται
647 1509 803 1578 ἀντίον.
823 1507 932 1589 οὕτως
947 1507 1011 1595 γάρ
1024 1508 1241 1603 Ἀρίσταρχος.
1266 1567 1269 1573 .

125 1606 167 1669 A.
191 1601 349 1684 [ἀντίον
372 1606 609 1679 ἀΐσσονται·
631 1608 739 1691 οὕτως
754 1610 972 1698 Ἀρίσταρχος.
997 1615 1051 1692 V.]

211 1713 263 1774 46.
292 1705 512 1798 ἀγηνορίη·
543 1709 651 1792 οὕτως
680 1714 780 1798 χωρίς
806 1720 869 1780 τοῦ
897 1708 1151 1801 ιἈρίσταρχος·
1174 1722 1243 1786 ἐστι

125 1804 190 1890 γάρ
217 1802 239 1893 ἡ
264 1805 435 1896 ἀγηνορία.
459 1817 500 1880 A.

212 1916 263 1975 54.
284 1919 397 1998 περί·
417 1913 656 1999 Ἀριστοφάνης
678 1911 903 2001 [Ἀρίσταρχος
921 1918 974 1995 V.]
998 1917 1074 1984 διά.
1097 1923 1170 1988 AV.

210 2017 262 2079 59.
283 2017 452 2102 ἐσβαίη·
482 2012 502 2101 ἡ
524 2016 743 2103 Ζηνοδότειος
768 2018 822 2085 καὶ
842 2015 1113 2102 Ἀριστοφάνειος
1138 2029 1239 2109 καβ-

124 2122 220 2202 βαίη
247 2122 405 2204 [καμβαίη
437 2120 507 2194 V.]·
538 2119 593 2185 καί
621 2116 685 2203 γάρ
720 2121 871 2205 ἐπιφέρει
900 2116 989 2187 ’ἔνθ’
1023 2118 1138 2203 οὕτως
1169 2128 1238 2193 ἔστι

124 2217 349 2303 καταβήμεναι
373 2215 453 2285 οὐδὲ
473 2216 661 2304 μάχεσθαι’.
687 2224 757 2308 (65)
781 2224 822 2287 A.

208 2324 260 2385 66.
284 2321 500 2387 Aristonicus.
517 2323 530 2410 Ι]
545 2320 733 2406 Ζηνόδοτος
755 2322 792 2389 δὲ
815 2324 870 2388 καὶ
899 2317 1142 2409 Ἀριστοφάνης
1169 2328 1238 2393 ίπ-

123 2425 236 2505 πηας.
255 2424 297 2487 A.
331 2423 461 2488 Deinde
482 2424 700 2490 Herodianus.

170 2600 173 2603 ¹
208 2528 259 2589 67.
292 2528 323 2591 εί
348 2525 424 2609 μὲν
450 2522 525 2609 γάρ
559 2522 618 2590 δὲ·
649 2520 902 2609 Ἀριστοφάνης,
926 2520 1149 2607 [Ἀρίσταρχος
1183 2527 1222 2590 V.

124 2632 162 2695 εί
182 2626 255 2712 μὲν
275 2625 351 2711 γάρ
372 2623 483 2703 τοός.
505 2626 579 2690 AV.

207 2725 428 2813 68.βοόλετ’
447 2722 640 2811 ἀρήγειν·
654 2717 730 2791 ἵετ’
749 2722 936 2810 ἀρήγειν.
950 2719 1234 2802 οὕτωςπᾶσαι.Α.

208 2835 260 2896 79.
289 2824 469 2915 πείρατ’·
502 2826 776 2911 Ζηνόδοτοςκαί
810 2822 1052 2911 Ἀριστοφάνης
1083 2837 1234 2913 πεῖραρ

123 2934 251 3011 ἑνικῶς.
273 2934 314 2997 A.
893 2974 896 2978 ,
1192 2922 1199 2931 ’

207 3040 257 3099 75.
280 3028 470 3117 Ζηνόδοτος
489 3028 545 3097 διά
567 3034 631 3096 τοῦ
652 3055 670 3095 τ
691 3024 765 3108 τάς
786 3022 836 3094 ἀν
857 3025 933 3114 ἐγώ
953 3035 1065 3097 είπω.
1090 3033 1131 3096 A.

208 3140 278 3200 127.
300 3133 490 3219 Ζηνόδοτος
508 3132 562 3199 καὶ
572 3127 814 3217 Ἀριστοφάνης
831 3135 955 3210 δνίκάς
972 3128 1114 3218 ἅπαντα,
1136 3128 1232 3198 άνέ-

119 3261 164 3323 ρε
185 3233 355 3322 ἀρίστω,
374 3227 439 3302 νίε
459 3230 714 3321 ὑπερθύριον,
737 3236 892 3318 κιέτην.
914 3236 956 3300 A.

208 3342 276 3404 142.
301 3333 409 3417 οὕτως
427 3333 637 3423 Ἀρίσταρχος
656 3326 798 3415 ἐόντες
821 3334 904 3403 κατά
933 3334 995 3420 τὴν
1016 3331 1164 3401 εὐθεῖαν.
1186 3335 1231 3398 A.

118 3438 274 3519 [ἐόντες
296 3442 332 3505 αί
352 3443 496 3518 πλείους.
524 3440 578 3517 V.]
849 3523 854 3533 ·
998 3522 1008 3527 Η

206 3547 275 3607 147.
299 3537 407 3619 οὕτως
429 3542 466 3607 ἐν
488 3537 631 3618 ἀπάσαις
654 3541 833 3624 δέχαται.
854 3540 897 3603 A.

205 3648 276 3708 153.
299 3644 334 3707 os
352 3644 427 3724 περὶ
446 3640 639 3725 Ζηνόδοτον
660 3640 818 3722 λάεσσι,
840 3649 908 3714 τοῖς
928 3642 1047 3713 λίθοις,
1083 3637 1125 3699 Α.

205 3748 274 3806 159.
298 3738 406 3818 οὕτως
428 3739 482 3806 διά
500 3746 562 3806 τοῦ
581 3765 599 3805 ο
622 3742 730 3824 βίον.
748 3734 929 3822 Ὁμηρικὸν
947 3731 984 3800 τό
1008 3740 1125 3819 σχῆμα.
1146 3736 1188 3799 A.

204 3847 289 3922 [161.
310 3838 519 3924 Ἀρίσταρχος
540 3840 830 3925 βαλλομένων,
853 3833 949 3901 ἄλλοι
965 3835 1001 3899 δὲ
1020 3835 1229 3919 βαλλόμε-

117 3970 194 4011 ναι.
218 3946 258 4010 V.
282 3940 560 4028 βαλλόμεναι·
584 3935 675 4005 οὕτω
696 3935 886 4022 Ζηνόδοτος
907 3936 961 4013 V.]

202 4051 287 4126 [171.
311 4039 365 4123 εδς
383 4045 424 4110 οἵ
442 4038 495 4127 γ’·
516 4036 727 4126 Ἀρίσταρχος
752 4032 803 4116 οδς
822 4039 887 4102 οίδ
897 4060 920 4102 ε.
944 4037 998 4115 V.]

202 4149 377 4212 175-186.
399 4140 586 4231 ἠθετοῦντο
607 4141 644 4209 δὲ
667 4141 721 4207 καὶ
743 4135 834 4224 παρὰ
857 4136 1096 4223 Ἀριστοφάνει.
1139 4134 1230 4221 παρά

115 4246 295 4336 Ζηνοδότφ
318 4249 354 4314 δὲ
378 4244 458 4314 οὐδὲ
481 4242 681 4332 ἐγράφοντο.
705 4247 747 4310 A.

200 4338 1222 4435 211.ἐπιπλήσσεις·οὕτεοςδιδτοῦτο,ἐπιπλήσσειςΑ.

167 4474 325 4517 umus.
977 4445 1015 4505 1⁰
