2962 5018
1209 445 1271 507 325

154 593 270 679 τιάδης
297 596 353 661 καί
378 601 494 681 Κίμων
521 598 575 664 καὶ
595 594 807 687 Ἀλκιβιάδης
833 603 888 668 καὶ
910 607 1124 690 Θουκυδίδης
1144 601 1163 673 ὁ
1184 624 1269 691 συγ-

153 694 304 779 γραφεὺς
330 694 348 764 ὁ
375 694 532 786 Ὀλόρου,
562 703 620 768 ubi
648 705 835 771 Boeckhius
864 708 1016 772 adnotat:
1054 710 1130 797 ‘qui
1149 713 1269 797 partim

151 798 431 885 Eurysaoidarum
453 805 573 889 partim
592 804 819 871 Phila‘r'darum
836 809 945 893 gentis
968 808 1075 891 fuere,
1102 810 1204 895 igitur
1225 809 1267 874 ab

151 900 255 965 Aiace
274 902 434 990 utrique.’

235 1002 391 1091 Superest
412 1014 449 1069 ut
469 1008 584 1092 paucis
610 1031 783 1097 exponam,
806 1009 925 1097 quibus
945 1012 1071 1075 caussis
1088 1022 1267 1079 commotus

150 1104 355 1169 coniecturas
378 1127 476 1193 supra
497 1107 643 1176 breviter
665 1121 871 1178 enumeratas
894 1113 1044 1198 proxime
1069 1136 1090 1177 a
1110 1136 1189 1180 vero
1210 1115 1267 1179 ab·

150 1226 222 1270 esse
243 1214 393 1273 statuam.
426 1207 595 1276 Proficisci
617 1214 719 1299 igitur
742 1213 841 1278 liceat
862 1234 882 1276 a
900 1213 972 1278 loco
991 1212 1142 1301 quodam,
1166 1238 1266 1302 quan-

149 1317 217 1372 tum
245 1309 329 1392 scio,
361 1310 531 1398 hucusque
552 1334 573 1375 a
591 1313 783 1379 nullodum
811 1313 972 1378 editorum
999 1314 1184 1380 Marcellini
1210 1341 1265 1385 ,re-

148 1418 269 1494 spectu
289 1410 486 1498 Doxopatri‚
508 1415 652 1502 inquam,
672 1415 1070 1503 adAphthon.11p.424,
1088 1419 1125 1480 19
1145 1416 1263 1502 wala,

148 1511 181 1573 in
216 1534 280 1597 quo
308 1513 493 1579 Marcellini
525 1517 656 1581 nomine
685 1538 749 1580 non
782 1517 894 1582 addito
927 1528 1116 1605 excerptum
1148 1542 1166 1583 e
1195 1520 1265 1585 vita
1318 1527 1321 1534 '

149 1611 353 1701 Thucydidis
383 1615 516 1704 aliquod
536 1619 721 1682 continetur
744 1609 818 1682 οἷον
836 1618 1060 1702 Θουκυδίδης.
1096 1615 1264 1703 ἐγκωμιά-

148 1731 252 1798 σομεν
278 1710 395 1800 αὐτόν,
419 1711 483 1783 άττό
507 1717 570 1801 μὲν
588 1720 715 1796 ἔθνους
734 1758 778 1770 —-
798 1713 864 1784 άττδ
888 1717 925 1783 δὲ
946 1714 1187 1804 προγόνων,
1209 1714 1262 1786 ὅτι

147 1812 213 1880 dmi
249 1814 493 1884 Μιλτιάδου
530 1817 598 1885 καὶ
631 1823 825 1904 Κίμωνος
855 1823 996 1904 γέγονεν
1028 1814 1262 1904 άτέμγονος

149 1921 229 1981 τῶν
257 1913 497 2004 εὐδοκίμων
526 1926 791 2007 στρατηγῶν,
825 1918 892 1988 άττδ
913 1918 951 1988 δὲ
970 1926 1178 2007 πατέρων,
1208 1919 1261 1988 ὅτι

144 2015 315 2104 Ὀλόρου
338 2011 381 2104 ἦν
404 2018 494 2107 υίός,
515 2018 553 2101 δς
574 2019 662 2108 εἶχεν
683 2024 727 2089 ἐν
745 2020 888 2111 Θρᾴκη
906 2025 1055 2089 πλοῦτον
1074 2017 1184 2088 πολὺν
1204 2023 1259 2088 καὶ

146 2128 401 2204 περιουσίαν
428 2125 587 2210 μεγάλην.
633 2127 804 2192 Pertincnt
831 2127 912 2191 haec
940 2126 983 2190 ad
1011 2125 1158 2190 Marcell.
1186 2130 1218 2206 ξ.
1241 2127 1259 2187 2

146 2230 209 2307 et§
226 2231 274 2289 14.
296 2225 411 2314 Neque
428 2250 494 2293 non
517 2230 629 2294 eodem
654 2251 697 2293 ex
718 2228 809 2293 fonte
832 2232 876 2314 (ξ.
891 2227 925 2313 2)
945 2226 1112 2291 fluxerunt
1128 2225 1258 2312 Doxop.

147 2326 180 2390 Il
202 2350 235 2413 p.
260 2329 337 2409 438,
361 2330 401 2390 22
424 2332 577 2411 προῆλθε
605 2349 637 2416 p.
660 2333 738 2411 439,
762 2334 780 2394 3
801 2323 867 2393 dud
884 2331 953 2392 τῶν
976 2329 1131 2410 πατέρων
1150 2319 1195 2403 ὥς
1213 2328 1260 2403 είς

148 2423 310 2492 Αίνκδν
337 2428 393 2492 καὶ
412 2423 557 2510 ’Ὀλορον
588 2427 649 2493 τὸν
675 2431 814 2515 βασιλέα
842 2424 1057 2512 ἀναφέροντα
1084 2423 1121 2492 cd
1150 2426 1257 2511 γένος.

145 2528 357 2593 Manifestum
380 2530 480 2614 igitur
501 2538 552 2594 est
573 2531 607 2594 in
629 2530 834 2617 Thucydidis
854 2532 923 2595 vita
946 2551 999 2610 ea,
1028 2551 1125 2615 quam
1145 2529 1257 2594 Doxo-

145 2640 239 2718 pater
270 2629 420 2694 manibus
452 2631 558 2713 trivit,
591 2634 667 2713 §.2
699 2630 847 2695 extitisse
878 2623 1064 2712 άττέγνονος
1090 2650 1149 2714 pro
1170 2623 1258 2692 άτό-

145 2756 246 2817 γονος
267 2732 368 2820 (quod
390 2753 488 2819 quam
508 2733 551 2796 sit
571 2734 779 2798 verissimum
798 2740 935 2796 stemma
950 2730 1036 2795 infra
1050 2729 1258 2794 adiciendum

145 2833 289 2918 docebit)
317 2841 415 2919 atque
445 2837 476 2914 ξ.
503 2837 539 2898 14
568 2856 633 2898 non
658 2834 699 2898 de
719 2831 911 2918 Thucydide
933 2831 999 2917 agi,
1023 2831 1081 2895 sed
1103 2831 1144 2895 de
1165 2838 1258 2917 patre

144 2936 214 2999 eius
243 2933 358 3016 Oloro,
392 2933 523 2999 homine
554 2938 589 3001 in
618 2933 759 2998 Thracia
786 2932 1053 3021 locupletissimo.
1098 2931 1257 3012 Quamvis

142 3037 243 3121 igitur
273 3035 480 3100 sanissimum
508 3037 662 3101 videatur
686 3057 758 3100 esse
786 3045 884 3122 caput
910 3032 1094 3099 Marcellini
1119 3036 1172 3116 14,
1202 3033 1256 3098 de·

142 3144 314 3225 provatum
335 3144 433 3223 atque
453 3137 535 3202 adeo
558 3137 629 3201 loco
652 3158 710 3202 suo
739 3136 890 3201 avulsum
908 3137 943 3201 id
962 3157 1034 3200 esse
1056 3141 1156 3221 patet.
1199 3133 1255 3198 Vi-

143 3239 242 3303 deant
263 3235 401 3302 lectores
426 3239 499 3324 ipsi.
543 3239 668 3303 Auctor
686 3240 772 3304 enirn
791 3259 986 3325 quamquam
1010 3237 1045 3301 id
1067 3236 1136 3322 agit
1156 3236 1256 3322 potis·

142 3340 275 3420 simum,
308 3345 344 3402 ut
364 3340 560 3425 persuadeat
577 3339 671 3405 nobis
694 3340 920 3427 Thucydidem
939 3362 960 3403 a
977 3338 1126 3403 Miltiade
1148 3346 1180 3401 et
1202 3335 1256 3402 ci-

140 3460 235 3503 mone
262 3439 423 3523 originem
443 3441 576 3524 ducere,
603 3440 666 3506 hoe
686 3451 796 3507 tamen
816 3440 990 3506 consilium
1012 3462 1106 3504 suum
1128 3446 1255 3502 tantum

140 3538 234 3604 abest
254 3549 291 3603 ut
313 3551 482 3607 assecutus
501 3564 573 3607 esse
590 3543 697 3607 videri
719 3544 838 3628 possit,
873 3550 910 3606 ut
931 3542 966 3604 in
987 3539 1183 3604 iustissimas
1206 3539 1254 3601 vi-

141 3661 251 3703 rorum
281 3639 448 3706 doctorum
477 3643 735 3728 vituperationes
764 3643 916 3707 inciderit
947 3649 1136 3728 propterea,
1166 3638 1253 3725 quod

140 3761 194 3803 res
229 3740 263 3801 in
297 3741 416 3824 vulgus
452 3749 545 3805 notas
578 3749 841 3826 argumentorum
873 3739 1019 3805 stabiliat
1049 3737 1253 3823 ambagibus,

140 3843 283 3905 incertas
302 3861 382 3904 vero
401 3848 499 3926 atque
522 3843 723 3924 argumentis
743 3850 876 3926 egentes
898 3843 969 3905 siue
983 3840 1050 3904 ullo
1065 3840 1253 3905 testimonio

140 3939 291 4005 dimittat.
337 3940 435 4022 Quid,
458 3962 589 4027 quaeso,
611 3941 743 4006 adrem
766 3942 965 4027 propositam
987 3940 1067 4006 facit
1092 3940 1253 4027 loquacis-

142 4043 225 4106 sima
245 4041 303 4105 illa
324 4050 357 4106 et
377 4041 507 4128 prolixa
522 4045 666 4107 narratio
689 4042 730 4107 de
754 4041 999 4107 Chersonesos
1016 4041 1165 4106 Miltiade
1185 4063 1252 4105 ma·

139 4143 207 4207 iore
228 4142 411 4228 occupata?
434 4163 500 4229 qua
521 4142 603 4207 nihil
624 4142 715 4208 aliud
733 4142 884 4225 efficitur,
907 4164 1005 4230 quam
1021 4151 1057 4206 ut
1069 4141 1251 4207 Miltiadem

139 4243 298 4307 iuniorem
327 4264 347 4306 a
374 4243 524 4309 Miltiade
546 4243 742 4310 Chersonesi
763 4253 904 4330 tyranno
925 4243 1084 4327 originem
1103 4250 1251 4329 repetere

139 4342 317 4428 discamus,
350 4338 425 4410 ἄλλ’
450 4339 563 4413 Ιοὐδὲν
590 4340 674 4428 πρὸς
698 4343 923 4430 Θουκυδίδην.
947 4381 990 4392 -
1019 4343 1251 4414 Verumtamen
