2948 5024
266 448 326 508 142
417 494 418 499 .
718 454 909 512 -Λ-

349 616 422 677 546.
456 609 546 680 οὕτω
569 617 683 700 σφωέ
704 613 760 682 διά
780 621 841 684 τοῦ
860 641 876 684 ε
897 613 952 683 καὶ
974 616 1106 700 πόρεν
1123 614 1243 698 Ἰακολς.
1274 615 1377 707 [οὕτω

266 715 322 780 καὶ
340 710 550 799 Ἀρίσταρχος
577 717 632 783 καί
650 712 879 808 Ἡρῳδιανός.]
914 721 955 783 A.
1000 719 1190 785 Novissima
1210 722 1377 809 Didymus

265 817 408 883 seribere
430 839 495 882 non
517 826 654 904 poterat.
699 819 821 885 Similis
842 821 918 886 huic
939 821 1029 887 loeus
1052 832 1102 887 est
1119 823 1150 897 Ξ
1169 825 1241 887 249.

349 923 433 999 [579.
479 915 535 983 διά
556 923 619 984 τοῦ
639 941 658 983 ο
681 914 994 1005 άφυσσόμενοι.
1017 923 1071 1006 V.]

350 1014 697 1107 οὕτωςἈρίσταρχος,
721 1017 816 1090 άλλοι
835 1021 873 1088 δὲ
897 1019 1200 1108 ἀφυσσάμενοι.
1223 1026 1293 1089 ἐστι
1315 1049 1377 1089 τια-

262 1120 428 1206 τάλληλον
449 1118 535 1206 πρός
554 1117 592 1187 τό
615 1128 739 1209 λεῖβον.
761 1125 803 1190 A.

797 1305 839 1370 A.

348 1434 397 1495 13.
422 1433 533 1492 14.-
491 1425 607 1494 -καὶ
629 1424 719 1511 παρά
738 1425 970 1516 Ἀριστοφάνει
991 1430 1029 1495 δὲ
1048 1427 1255 1515 ἠδετοῦντο,
1285 1425 1374 1512 παρὰ

263 1529 441 1617 Ζηνοδότςο
460 1529 497 1594 δὲ
520 1520 641 1594 οὐδὲ
619 1547 716 1612 ησαν.
743 1532 785 1596 A.

347 1634 398 1696 26.
423 1631 460 1695 ἐν
482 1634 523 1717 τῇ
533 1625 797 1716 Ἀριστοφάνους
818 1635 1069 1718 σμερδαλέοι
1088 1631 1132 1700 δέ
1150 1631 1374 1716 δράκοντες

263 1735 375 1817 ἐλειχ
387 1736 535 1817 μῶντο.
562 1734 603 1799 A.

345 1836 397 1898 28.
418 1827 525 1910 οὕτως
545 1829 657 1912 Ἰαιιως
680 1831 774 1918 (τόἳ)
796 1833 1003 1919 στήριξεν.
1027 1837 1068 1900 Α.

343 1938 394 2000 38
429 1928 488 1999 ἐπ’
513 1929 662 2000 αὐτοῦ·
692 1930 802 2015 οὕτως
817 1933 1037 2021 Ἀρίσταρχος.
1072 1909 1236 2020 γράφεται
1259 1933 1296 2001 δὲ
1318 1933 1373 2000 καί

263 2030 323 2101 ἐπ’
349 2030 468 2122 αότφ.
491 2036 533 2100 A.

347 2142 399 2201 40.
415 2131 525 2214 οὕτως
535 2132 586 2202 μί’
582 2134 793 2222 Αριστάρχου
804 2134 872 2204 σόν
882 2161 928 2226 τφ
939 2162 971 2222 ρ,
984 2133 1086 2222 άμφι
1096 2137 1253 2221 στρεφέ
1259 2159 1309 2214 ες.
1320 2138 1374 2201 καὶ

261 2235 302 2304 τά
322 2233 547 2323 ὑπομνήματα
562 2237 599 2304 δὲ
621 2250 814 2325 συμφωνεῖ,
837 2238 946 2322 λέγων
963 2241 1010 2326 (2)
1031 2240 1069 2304 ἓν
1090 2236 1152 2322 μὲν
1172 2233 1257 2304 εἶναι
1278 2241 1373 2322 σῶμα

263 2344 324 2407 τοῦ
342 2337 537 2426 δράκοντος,
557 2338 704 2425 κεφαλάς
723 2339 760 2406 δὲ
778 2351 867 2424 τρεῖς
882 2341 1190 2425 περιπεπλεγμένας
1204 2335 1371 2424 ἀλλήλαις.

204 2508 207 2515 ,
242 2438 447 2528 ,ήπάτηνται
467 2440 504 2507 δὲ
525 2443 561 2507 οί
579 2442 679 2527 χωρίς
699 2446 763 2508 τοῦ
783 2467 803 2525 ρ
822 2439 1012 2526 γράφοντες
1032 2442 1066 2520 ἐξ
1091 2441 1225 2506 ἐκείνου
1254 2446 1313 2527 ετογ’
1337 2437 1369 2507 δ’

263 2544 316 2610 ἐπὶ
338 2542 401 2629 μὲν
423 2539 541 2628 Γοργιό
563 2548 779 2628 βλοσυρῶπις
798 2542 1025 2626 ἐστεφάνωται
1050 2545 1133 2631 (36).
1156 2543 1197 2608 A.

346 2650 411 2731 [55.
440 2644 865 2730 ίφδίμουςιιεφαλάς·
889 2639 997 2722 οὕτως
1017 2645 1053 2710 πί
1068 2640 1295 2729 Ἀριστάρχου.
1321 2645 1372 2724 V]

348 2750 399 2812 72.
422 2769 529 2825 ουτως
539 2741 788 2868 Ἀρίσταρχος
771 2772 793 2831 η
808 2740 982 2830 νσμίνη
946 2770 1005 2824 τας
1020 2741 1166 2827 κεφαλάς
1184 2742 1304 2824 ἴσας
1275 2769 1370 2830 ειχεν.

262 2840 506 2932 ίσοιιέφαλος’
483 2873 528 2932 ην
554 2842 669 2926 αὐτοῖς
687 2841 708 2931 A
728 2845 825 2933 μάχη.
859 2841 954 2914 ἄλλοι
976 2845 1029 2911 δέ·
1049 2842 1193 2922 λσαςδ’
1217 2841 1373 2995 ὑσμίνη

263 2945 572 3036 κεφαλάςέχον.
595 2950 636 3013 A.

344 3056 395 3116 76.
417 3039 501 3136 ᾗχι·
520 3044 731 3134 Ἀρίσταρχος
752 3049 853 3134 χωρίς
874 3052 936 3114 τοῦ
957 3076 969 3115 ι
989 3048 1026 3115 τό
1049 3039 1126 3133 ἧχι.
1154 3051 1195 3114 A.

344 3155 481 3217 78—83.
504 3149 647 3229 τούτους
666 3152 722 3216 καί
734 3145 976 3234 Ἀριστοφάνης
990 3147 1115 3235 ἠθέτει.
1139 3148 1229 3233 παρά
1251 3148 1287 3215 δὲ
1304 3156 1370 3234 Ζη·

262 3249 392 3340 νοδότφ
414 3247 494 3317 οὐδὲ
517 3250 715 3336 ἐγράφοντο.
737 3253 779 3319 A.
804 3252 855 3318 Of.
877 3257 899 3318 I
918 3255 969 3317 23.
994 3254 1045 3317 24.
1069 3255 1120 3317 25.

348 3358 399 3419 92.
423 3351 624 3438 Βιάνορα·
642 3351 852 3438 Ἀρίσταρχος
874 3351 1070 3436 Βιάνορα.
1101 3355 1143 3418 Α.

347 3461 399 3522 94.
423 3495 464 3507 —-
484 3454 674 3540 Ζηνόδοτος
694 3453 732 3522 δέ
754 3451 902 3521 άντίον
921 3456 976 3522 καὶ
995 3450 1249 3539 Ἀριστοφάνης.
1272 3454 1314 3518 A.
1368 3458 1373 3465 ’

350 3563 419 3623 101.
443 3561 490 3642 βῆ
514 3553 546 3644 ρ’
563 3548 684 3624 Ἰσον·
707 3556 898 3640 Ζηνόδοτος
916 3560 978 3637 ἔξω
1000 3561 1100 3640 τοῦρ
1122 3558 1172 3641 βῆ
1189 3545 1304 3619 Ἱσον.
1327 3552 1372 3639 μὴ

262 3660 469 3744 ἐμφέρεσθαι
494 3661 533 3726 δέ
560 3679 665 3745 φησιν
686 3653 705 3724 ό
724 3653 935 3743 Ἀρίσταρχος
953 3664 1020 3726 νῦν
1042 3659 1080 3724 ἐν
1100 3669 1170 3735 τοῖς
1190 3659 1373 3725 Ποσειδίπ-

262 3784 329 3826 που
353 3757 576 3846 ἐπιγράμμασι
595 3759 656 3826 τόν
678 3759 845 3847 Βήρισον,
868 3756 941 3828 ἀλλ’
961 3762 1000 3827 ἐν
1021 3764 1068 3848 τῷ
1087 3759 1256 3846 λεγομένη)
1274 3762 1373 3844 σωρῷ

261 3856 385 3946 εὑρεῖν.
403 3859 554 3946 εὔλογον
577 3864 616 3929 δέ
631 3879 736 3948 φησιν
755 3861 977 3947 ἐλεγχόμενον
992 3857 1098 3929 αὐτόν
1115 3856 1305 3936 ἀπαλεῖψαι.
1331 3861 1371 3924 A.

344 3967 415 4027 103.
439 3961 589 4041 ἐόντας
608 3957 851 4048 Ἀριστοφάνης
872 3961 1002 4029 ἐόντε.
1024 3967 1066 4030 Α.

343 4067 413 4129 123.
448 4061 639 4148 Ζηνόδοτος
667 4060 741 4130 άντλ
761 4070 824 4130 τοῦ
846 4068 1083 4149 δαΐφρονος
1100 4061 1224 4149 γράφει
1247 4058 1373 4129 κακό-

258 4188 438 4249 φρονος,
461 4162 613 4243 εὐτελεῖς.
637 4166 679 4229 Α.
700 4167 758 4253 (es.
772 4167 827 4251 B.)
846 4168 973 4232 Poterit
993 4176 1101 4232 autem
1118 4169 1217 4231 etiam
1238 4167 1280 4230 ab
1300 4166 1374 4229 Ari-

259 4256 383 4330 stofiico
403 4266 586 4352 profectum
606 4289 688 4331 esse.
712 4267 765 4333 cf.
788 4268 965 4333 Duentzer.
984 4269 1109 4334 Zenod.
1131 4292 1164 4355 p.
1177 4273 1207 4331 5.

345 4369 414 4430 128.
438 4364 591 4449 φύγον·
614 4364 722 4445 οὕτως
741 4364 962 4454 Ἀρίσταρχος,
980 4363 1080 4437 ἄλλοι
1103 4368 1141 4434 δὲ
1160 4365 1307 4451 φύγεν.
1331 4370 1372 4433 Α.
