2964 5010
1212 427 1252 490 37

140 597 237 663 cudis
267 590 429 659 vocabula
453 630 496 640 -
524 590 704 678 Didymum
736 602 900 658 auctorem
932 614 1120 677 agnoscere.
1165 593 1251 672 Quid

142 696 269 783 igitur?
304 715 412 759 nonne
438 702 553 779 sponte
576 693 644 758 fere
666 693 874 759 subnascitur
893 695 1051 779 suspicio,
1073 693 1264 780 reliqua.

143 795 1253 884 rumetiam‚quotquotCratinumspectant,glossarum

144 902 510 986 interpretamenta
532 899 678 964 eiusdem
703 900 910 985 grammatici
930 897 1111 963 industriae
1131 896 1253 980 deberi,

144 1001 279 1087 Didymi
303 1002 445 1087 inquam,
468 1002 561 1065 ouius
583 1001 626 1065 ab
647 1001 784 1067 arbitrio
805 1003 917 1084 octies,
938 1009 976 1066 ut
996 999 1170 1065 Cratineae
1191 998 1254 1063 elo-

143 1103 263 1167 cutioni
292 1103 397 1168 lucem
427 1103 556 1185 afferat,
587 1104 732 1190 pendere
766 1104 909 1169 vidimus
939 1101 1168 1189 Hesychium?
1204 1101 1255 1165 Ae

141 1203 286 1290 profecto
315 1206 527 1292 interpretem
555 1214 588 1270 et
617 1207 751 1291 egregie
774 1206 905 1271 doctum
930 1213 964 1270 et
987 1204 1148 1290 adparatu
1166 1201 1256 1267 haud
1379 1231 1386 1236 ·

140 1307 324 1393 apemendo
355 1307 550 1372 instructum
582 1309 726 1395 produnt
752 1332 785 1373 v.
813 1330 840 1373 a.
865 1308 946 1373 Hes.
972 1307 1118 1392 glossae:
1153 1305 1255 1369 1952

140 1403 315 1486 laetale
336 1410 387 1494 (οί
406 1403 584 1492 μὲν-ἄλλοι
605 1408 656 1492 dl)
678 1410 773 1474 1997
796 1411 993 1493 δίλογχον
1014 1402 1051 1495 (ἢ
1073 1405 1181 1474 ὅτι-οἱ
1202 1407 1253 1492 δὲ)

139 1509 249 1575 11001
275 1508 822 1594 Διονυσοκοοροπυραίνην
842 1510 943 1595 (εἰσίν
965 1510 999 1574 οἳ
1020 1503 1256 1592 φασιν·ἇμαρ-

140 1609 313 1692 πάνοντες)
336 1609 485 1694 κήπιον
506 1611 620 1676 11252
642 1613 800 1691 (ἔνιοι-οἰ
812 1610 864 1691 δὲ)
885 1610 920 1674 Π
934 1612 996 1675 638
1019 1608 1257 1693 μυσικαρφὶ

140 1711 189 1793 (ol
206 1704 310 1794 μὲν-ἢ
332 1705 445 1788 οἱς-οἶς
462 1734 552 1788 τινες
569 1709 622 1796 δὲ)
650 1712 719 1777 vid.
742 1734 842 1799 supra
862 1735 887 1776 s.
911 1735 944 1776 v.
966 1715 1136 1797 βρίκελλοι
1156 1720 1189 1776 et
1207 1713 1256 1775 in-

141 1813 194 1878 fra
214 1837 240 1878 s.
263 1837 296 1878 v.
317 1810 604 1897 βαλανειόμφαλοι
624 1813 664 1879 de
686 1813 824 1878 notabili
843 1814 1007 1901 Didymeo
1028 1813 1064 1878 οί
1079 1811 1142 1897 μὲν
1157 1852 1200 1864 -
1223 1814 1258 1879 οί

142 1913 179 1981 δὲ
198 1938 271 1980 usu.
631 1913 634 1925 '

225 2017 382 2082 Diximus
414 2018 450 2082 in
470 2017 607 2104 Didymi
631 2017 739 2084 lexico
762 2022 885 2085 comico
907 2020 1055 2083 extitisse
1077 2019 1174 2083 etiam
1196 2043 1253 2086 vv.

140 2114 364 2204 ἡμεροκαλλές
385 2129 417 2184 et
439 2120 575 2202 σίρφοι,
606 2122 747 2208 indeque
768 2122 916 2208 profecta
937 2121 1098 2208 Hesycbii
1117 2121 1254 2206 farragi-

142 2244 216 2287 nem
239 2220 467 2307 locupletasse.
512 2221 694 2288 Audiamus
715 2233 826 2287 testes.

674 2395 722 2456 12.

226 2524 321 2589 Phot.
356 2526 415 2606 68,
451 2528 488 2589 19
520 2518 829 2608 Ἡμερόκαλλες
861 2528 923 2614 (sic
956 2528 1077 2590 accinit
1108 2527 1255 2593 Lobcck.

143 2626 307 2714 Aglaoph.
329 2627 404 2711 702)
431 2620 540 2703 ἄνθος
562 2628 788 2711 σπειρόμενον
809 2622 827 2690 ὁ
851 2629 1048 2708 Δίδυμος.
1092 2621 1166 2690 ούκ
1187 2629 1257 2693 ἔστι

143 2729 239 2816 (haee
267 2727 327 2794 Ori
355 2724 522 2814 videritur)
555 2722 663 2805 ἄνθος
691 2728 758 2794 κτὲ.
803 2730 929 2794 Eadem
957 2739 1001 2793 et.
1028 2751 1071 2792 m.
1100 2732 1177 2811 439,
1205 2733 1256 2795 43.

142 2833 223 2896 Hes.
247 2830 264 2895 I
287 2833 363 2895 1631
389 2822 699 2913 ἡμερόκαλλες·
722 2834 791 2895 τῶν
813 2836 988 2914 σπορίμων
1011 2825 1118 2906 ἄνθος
1140 2823 1160 2913 ἢ
1181 2848 1258 2896 σπε-

143 2928 289 3015 φύνωμα
310 2928 368 2995 κτέ
392 2932 441 3017 (οί
462 2927 555 2995 ‹tt-ot
573 2930 637 3015 δὲ).
676 2929 808 3016 Spectat
829 2931 872 2995 ad
892 2931 1019 2996 Cratini
1042 2933 1256 3000 Effeminatos

142 3056 195 3120 ap.
215 3032 293 3098 Ath.
316 3033 383 3097 XV
393 3036 450 3098 681
467 3034 496 3097 E
520 3033 619 3099 6850
641 3036 687 3119 (v.
704 3034 827 3119 Bergk.
850 3034 871 3098 l.
888 3057 916 3099 c.
938 3057 970 3120 p.
987 3035 1054 3121 66).
1083 3036 1135 3100 De
1152 3035 1256 3102 Theo·

145 3137 225 3202 doro
250 3136 383 3219 Panage
403 3157 499 3221 quem
518 3134 654 3200 Photius
675 3135 808 3201 adhibet
830 3137 889 3201 cfr.
906 3136 1081 3202 Westerm.
1099 3139 1142 3203 ad
1157 3140 1254 3205 Voss.

145 3237 177 3302 h.
202 3238 260 3303 Gr.
284 3259 318 3323 p.
342 3239 405 3300 503
427 3245 459 3302 et
480 3236 584 3302 Meier
603 3260 719 3303 comm.
742 3239 889 3304 Andocc.
912 3237 998 3303 v13
1020 3262 1052 3326 p.
1074 3240 1136 3305 IX.

680 3410 729 3471 13.

231 3540 326 3605 Phot.
342 3544 414 3625 507,
432 3547 465 3607 1:
483 3542 538 3608 Σέ
545 3565 659 3627 ρφοι·
669 3544 713 3627 ‘vot‘
721 3542 883 3626 πτερωτοί
898 3540 1080 3628 μύρμηκες,
1093 3536 1153 3619 olis
1167 3537 1260 3627 ἡμεῖς

146 3638 291 3726 νύμφας.
316 3638 421 3707 οὕτω
446 3645 640 3728 Δίδυμος.
676 3642 821 3722 Κάσσιος
844 3646 880 3711 δὲ
898 3652 1064 3729 Λογγῖνος
1081 3643 1146 3709 κτὲ.
1179 3645 1259 3711 Hcs.

145 3743 276 3807 111171
300 3744 465 3828 σέρφοι·
488 3748 522 3811 οί
533 3748 695 3828 πτερωτοὶ
718 3744 902 3830 μύρμηκες,
924 3769 1020 3832 quem
1044 3745 1262 3831 compilarunt

145 3844 191 3929 gl.
215 3846 301 3910 Vict.
331 3845 374 3910 ad
394 3847 453 3912 Ar.
475 3849 598 3934 Veapp.
623 3850 680 3909 351
707 3847 751 3910 id.
773 3847 808 3911 11
831 3849 910 3910 1318
940 3843 1101 3927 σύρφος
1123 3838 1144 3927 ἢ
1165 3845 1262 3930 σίρ-

146 3968 239 4029 φος·
262 3948 423 4028 θηρίδιον
444 3944 569 4031 μικρὸν
592 3937 666 4010 οἷον
688 3945 794 4027 ἐμπίς.
826 3947 915 4010 Voee
935 3967 1012 4009 usus
1034 3954 1084 4010 est
1107 3948 1260 4014 Cratinus

147 4069 199 4133 ap.
218 4046 319 4111 schol.
332 4048 391 4112 Ar.
408 4048 531 4134 Vespp.
551 4047 573 4112 l.
588 4049 610 4112 l.
624 4048 792 4134 Aristoph.
811 4050 898 4112 Avv.
915 4049 965 4112 82.
982 4051 1044 4112 570
1058 4050 1105 4136 (v.
1121 4049 1261 4136 sabell),

146 4147 295 4234 Nicopho
323 4171 376 4236 ap.
401 4149 491 4214 Suid.
516 4150 552 4214 II
575 4154 593 4214 2
615 4173 648 4237 p.
672 4153 732 4212 719
762 4143 920 4237 (Meindr.
947 4149 1037 4217 Com.
1060 4151 1096 4217 Π
1117 4174 1149 4238 p.
1173 4153 1261 4239 848).

148 4249 325 4317 Praeterea
360 4251 402 4316 ad
432 4250 570 4339 Didymi
609 4251 831 4317 testimonium
866 4253 1055 4338 saepissime
1084 4262 1263 4339 provocant

67 4390 72 4397 -
147 4351 283 4418 Photius
297 4364 329 4420 et
343 4353 579 4440 Harpocrati03
596 4355 655 4419 sed
666 4353 832 4419 duumviri
846 4354 890 4436 hi,
902 4375 975 4419 oum
986 4376 1052 4419 uon
1068 4355 1102 4421 id
1116 4362 1263 4445 agerent,

914 4584 933 4634 θ
