2962 5018
1192 416 1253 480 303

142 585 300 672 τρήσεως,
321 585 461 669 λέγοντα
484 581 582 647 πέντε
602 579 683 665 γένη
706 575 791 645 εἶναι
814 575 929 645 αὐλεῖν
950 583 1157 660 παρθενίους
1175 604 1254 648 παι-

141 683 259 764 δικοὺς
294 686 571 769 κιθαριστηρίους
606 687 754 759 τελείους
792 677 1035 762 ὑπερτελείους.
1090 681 1255 749 ἐλλείπειν

142 780 206 855 οὖν
239 790 293 853 δεῖ
323 784 413 870 παρά
440 790 486 874 τῷ
504 780 595 850 Ἴωνι
616 782 676 849 τὸν
704 787 740 850 τέ
759 779 971 867 σύνδεσμον,
999 777 1045 848 ἵν’
1069 773 1091 872 ᾗ
1113 781 1255 868 μάγαδις

142 883 284 968 αάλὸςὸ
308 886 607 971 προσαυλούμενος
629 891 669 975 τῇ
690 885 825 972 μαγάδι.
857 881 962 969 ἡγὰρ
985 883 1128 969 μάγαδις
1149 883 1254 971 ὄργα-

141 991 205 1058 νόν
227 991 296 1057 ἐστι
314 985 489 1073 ψαλτικόν,
511 984 557 1066 ὡς
575 986 763 1072 Ἀνακρέων
786 992 885 1072 φησί,
906 989 1031 1053 Λυδων
1055 1011 1090 1052 τε
1113 982 1252 1073 εὕρημα.

144 1091 197 1160 διδ
222 1093 277 1159 καὶ
298 1088 356 1170 τάς
376 1087 491 1169 Λυδάς
513 1094 674 1171 ψαλτρίας
693 1091 797 1174 φησὶν
820 1085 905 1154 εἶναι
928 1083 1038 1155 ὁἼων
1060 1089 1097 1161 έν
1120 1095 1159 1177 τῇ
1178 1088 1256 1176 ’ομ-

142 1195 234 1282 φάλῃ
261 1192 317 1259 διά
351 1192 499 1257 τούτων·
535 1187 628 1257 (ἀλλ’
655 1187 705 1257 εἶα
724 1192 834 1257 Λυδαί
859 1190 1015 1274 ψάλτριαι
1041 1193 1257 1259 παλαιθέτων

140 1293 260 1381 ὕμνων
287 1292 397 1361 άοιδολ
418 1290 479 1359 τὸν
499 1295 595 1372 ξένον
618 1291 807 1378 κοσμάσατε
825 1300 929 1379 κτλ’.,Ι
947 1295 1082 1382 (Wagn.
1107 1296 1148 1360 fr.
1169 1306 1254 1381 trag.

141 1401 221 1463 min.
244 1397 310 1463 vol.
331 1397 384 1460 111
404 1419 436 1483 p.
461 1399 528 1481 30).
874 1458 880 1469 ,

228 1502 396 1566 Gustavus
421 1496 578 1563 Wolsfius
606 1496 646 1561 de
670 1495 770 1560 schol.
792 1495 891 1561 Laur.
914 1495 1012 1583 Soph.
1034 1521 1067 1584 p.
1094 1501 1147 1581 18,
1169 1509 1256 1585 post-

142 1625 238 1690 quam
267 1599 459 1667 Aristarcho
485 1599 666 1686 Didymum
693 1598 825 1683 saepius
854 1598 1092 1664 contradixisse
1122 1603 1256 1684 monuit,

142 1707 224 1769 haec
245 1703 354 1768 addit:
378 1707 550 1780 ‘eidemque
572 1712 642 1765 teste
657 1705 808 1763 Athenaeo
827 1700 912 1764 XIV
932 1704 992 1764 634
1017 1709 1049 1765 in
1071 1706 1153 1765 Ionis
1173 1723 1257 1766 rom-

143 1814 296 1871 mentoriis
327 1798 630 1886 άντεξηγήσεις
662 1808 826 1882 opposuit'.
880 1802 920 1865 In
952 1801 1065 1866 eadem
1096 1805 1258 1867 sententia

145 1907 207 1971 fuit
230 1907 293 1971 Gu.
320 1906 461 1993 Kayser.
486 1905 562 1968 hist.
586 1913 670 1987 trag.
692 1903 810 1992 Graec.
833 1926 864 1990 p.
891 1906 960 1967 182.
1006 1902 1102 1983 Quod
1120 1926 1172 1967 me
1190 1925 1274 1995 non

144 2008 276 2094 assequi
309 2007 424 2073 fateor.
476 2005 545 2071 Alii
575 2005 677 2084 enim,
709 2003 756 2067 uti
781 2015 886 2089 patet,
919 2006 1055 2092 Didymi
1084 2007 1118 2069 in
1145 2006 1257 2070 Ionem

144 2109 368 2175 commentarii
391 2118 493 2191 erant,
515 2106 599 2172 aliae
621 2105 658 2168 αλ
671 2103 754 2185 πρὸς
762 2100 863 2171 Ἴωνα
877 2101 1120 2191 άυτεξηγήσεις.
1143 2106 1257 2194 Neque

144 2210 337 2275 Aristarcho
360 2210 444 2293 ideo,
465 2210 551 2297 quod
572 2209 658 2273 hunc
680 2230 807 2295 quoque
826 2209 1016 2274 Athenaeus
1040 2209 1062 2273 l.
1074 2232 1102 2273 c.
1125 2209 1257 2297 loquen-

146 2322 210 2376 tem
231 2312 311 2376 facit
341 2311 477 2398 Didymi
507 2310 695 2376 discedente
729 2313 891 2376 sententia
918 2312 1071 2375 continuo
1101 2306 1257 2393 subiecta,

145 2411 314 2476 oblocutus
344 2432 416 2476 esse
439 2412 602 2499 Didymus
628 2411 793 2497 putandus
825 2421 883 2475 est.
929 2410 1025 2490 Quod
1056 2413 1083 2474 si
1112 2412 1258 2475 indicare

145 2511 305 2576 voluisset
326 2511 532 2593 Athenaeus,
562 2511 714 2594 dixisset,
744 2515 874 2598 opinor,
909 2512 946 2575 έν
971 2522 1042 2588 ταῖς
1067 2507 1151 2592 πρὸς
1170 2505 1258 2590 Ἀρί-

147 2630 290 2695 σταρχον
313 2606 582 2693 άντεξηγήσεσιν.
627 2613 770 2678 Diversa
792 2612 889 2700 plane
912 2611 1071 2676 Meinekii
1098 2612 1258 2675 sententia

149 2722 198 2777 est
219 2713 262 2777 ad
286 2712 397 2800 Steph.
423 2713 504 2799 Byz.
528 2738 560 2800 p.
582 2716 659 2796 529,
684 2715 739 2801 qui
768 2737 805 2778 eo
827 2712 978 2792 inclinat,
1010 2719 1045 2774 ut
1069 2712 1144 2793 περὶ
1158 2706 1258 2776 ’Ἴωνα

147 2815 355 2880 scribendum
377 2823 524 2896 censeat,
547 2822 635 2891 ‘nist
658 2816 772 2903 inquit,
793 2821 866 2879 libri
884 2819 1104 2891 inscriptionem
1125 2821 1157 2877 tn
1179 2819 1258 2878 itanc

146 2923 316 2979 sententiam
338 2923 534 2994 interpretari
548 2924 699 2994 malueris,
721 2929 753 2982 nt
766 2922 910 2996 Didymus
925 2927 1030 2980 eontra
1048 2924 1144 2996 ipsum
1155 2921 1256 2980 Ionem

147 3021 302 3094 scripsisse
323 3023 443 3095 eiusque
464 3022 587 3081 dicendi
604 3039 708 3096 qenes,
729 3031 809 3083 certe
830 3023 1037 3082 vocabulorum
1059 3020 1255 3095 quorumdem

148 3135 242 3191 nsum,
263 3137 409 3182 censurae
424 3123 579 3184 subiecisse
593 3127 785 3197 existimetur,
807 3127 859 3184 eni
877 3126 996 3199 quidem
1013 3126 1146 3198 opinioni
1165 3139 1255 3196 enre-

145 3223 195 3295 μίε
209 3221 317 3294 serent
328 3240 365 3282 ea
386 3241 464 3298 qnae
481 3223 650 3300 Stephanus
669 3228 774 3298 attulit,
794 3226 900 3301 quibus
920 3226 1000 3284 adde
1010 3225 1153 3301 Hesychia·
1169 3226 1255 3298 atos-

145 3339 209 3382 sam
241 3320 392 3383 σπίλον
419 3325 705 3403 Παρνασσίαν.
741 3317 833 3387 Ἴων
862 3317 1057 3408 Ὀμφάλῃ·
1094 3315 1170 3385 οὐκ
1198 3309 1253 3384 εὖ.

146 3415 346 3497 σπιλάδες
362 3415 438 3503 γάρ
453 3421 626 3507 πέτραι,
656 3446 732 3504 qnae
757 3429 893 3489 dubitare
914 3431 976 3488 noti
1002 3431 1133 3503 quince
1153 3427 1254 3485 eodem

145 3525 268 3600 Didymi
287 3528 363 3586 libro
380 3531 473 3602 petita
493 3531 567 3602 sint,
588 3547 682 3604 quem,
704 3534 764 3592 nisi
787 3535 957 3592 coniectura
973 3529 1065 3602 saliit,
1086 3531 1192 3587 iterum
1214 3526 1257 3584 aa

142 3632 246 3700 partes
269 3633 352 3686 noent
370 3627 498 3704 Hesych.
519 3647 543 3688 s.
567 3647 592 3688 υ.
614 3629 839 3709 Νυμφαῖον
859 3620 994 3707 ὄχθον
1016 3621 1105 3688 κτέ.’

232 3720 341 3806 Atque
364 3724 516 3808 equidem
542 3747 607 3789 non
628 3727 810 3807 inauditum
833 3733 897 3805 est,
925 3725 1154 3808 grammaticos
1176 3746 1254 3789 non·

147 3820 245 3885 nullis
260 3830 445 3907 poetarum,
468 3846 549 3911 quos
574 3825 885 3911 interpretabantur,
910 3824 1080 3890 vocabulis
1104 3825 1254 3908 offensos,

146 3922 419 4008 vituperationem
447 3945 538 3988 suam
560 3947 625 3991 non
651 3927 887 4012 suppressisse:
920 3948 948 3991 e.
972 3949 1004 4012 g.
1028 3926 1129 3991 schol.
1155 3927 1253 4012 Soph.

146 4014 202 4086 Tr.
227 4023 289 4086 602
309 4017 372 4086 οὐκ
402 4014 443 4089 εὖ
473 4026 573 4090 schol.
601 4026 715 4115 Eurip.
743 4026 817 4091 Alc.
844 4029 905 4091 238
931 4022 994 4092 οὐκ
1024 4018 1063 4093 εὖ
1095 4030 1156 4089 797
1190 4022 1254 4092 οὐκ

151 4118 308 4207 εὐλόγως.
354 4121 420 4192 Sed
450 4128 640 4213 saepissime
665 4121 728 4192 οὐκ
756 4116 796 4191 εὖ
817 4130 1022 4212 grammatici
1049 4135 1098 4192 est
1120 4129 1254 4193 alterius

148 4229 351 4321 grammatici
381 4229 576 4293 sententiam
604 4228 834 4316 improbantis,
871 4239 906 4293 ut
933 4228 1012 4292 mihi
1032 4251 1097 4293 non
1121 4228 1254 4293 dubium

146 4329 189 4390 sit
202 4331 280 4414 quin
297 4351 349 4415 ap.
363 4329 507 4415 Hesych.
521 4352 548 4393 s.
562 4352 594 4395 v.
611 4334 732 4394 σπίλον
742 4332 961 4412 Παρνασσίαν
976 4339 1051 4416 post
1062 4354 1094 4394 v.
1105 4325 1254 4416 Ὀμφάλῃ
1338 4327 1341 4333 ’
