2948 5024
235 416 276 478 86

233 580 357 664 Unger.
378 576 482 641 Theb.
502 577 616 663 parad.
638 599 670 663 p.
688 579 745 639 182
767 575 908 640 Urlichs.
930 573 973 638 ad
990 575 1115 638 Achaei
1134 574 1174 640 fr.
1192 575 1295 643 XVII
1315 603 1346 666 p.

234 687 274 746 47
296 679 454 763 Wagner.
474 703 505 766 p.
533 683 573 742 54
595 680 647 743 ed.
669 678 805 742 Vratisl.
826 687 933 760 tragg.
956 677 1034 740 min.

319 780 400 845 Cum
423 780 473 845 his
496 780 655 845 Macrobii
676 780 899 860 consentiunt,
928 787 1040 864 utpote
1059 779 1173 843 eodem
1196 802 1240 844 ex
1257 780 1347 845 fonte

233 883 390 964 derivata,
409 882 510 947 schol.
523 883 565 948 ad
579 881 657 946 Eur.
670 881 830 947 Androm.
846 886 905 945 167
917 904 949 967 p.
963 883 1003 944 35
1016 880 1066 945 ed.
1085 880 1244 947 Witzseh.
1255 876 1347 965 Ἀχε-

233 986 324 1069 λῷον
345 988 413 1049 πᾶν
434 982 598 1068 ποτάμιον
621 979 714 1065 ὕδωρ
737 985 852 1066 φασίν,
875 976 920 1060 ώς
942 984 1030 1062 δρῦν
1048 986 1115 1046 πᾶν
1131 983 1275 1063 δένδρον
1290 982 1346 1049 κα1

234 1079 409 1166 ἀκρόδρυα
446 1081 572 1162 πάντας
608 1080 689 1162 τούς
713 1080 880 1168 rapueris:
914 1123 956 1133 -
989 1084 1140 1149 Eustath.
1179 1088 1274 1167 1367,
1305 1089 1346 1148 39

235 1189 266 1251 εί
284 1183 329 1271 μὴ
350 1182 416 1267 άρα
437 1210 487 1263 τις
509 1182 554 1264 ώς
577 1184 776 1271 προεγράφη
794 1181 952 1273 Ἀχελῷος
979 1181 1094 1263 άπλώς
1113 1183 1150 1251 τό
1174 1181 1268 1266 ὕδωρ
1291 1186 1347 1252 καὶ

234 1287 393 1354 ἐνταῦθα.
438 1288 546 1354 Schol.
582 1289 680 1353 Hom.
717 1289 757 1353 Il.
785 1293 817 1354 Φ
846 1293 904 1353 191
931 1283 972 1353 Ἡ
1003 1283 1203 1371 ἀρχαιοτάτη
1229 1283 1346 1366 Ἑλλάς

234 1389 310 1472 περὶ
331 1387 508 1473 Δωδώνην
530 1389 585 1455 καὶ
599 1385 751 1468 Σελλούς
769 1391 888 1473 ἔκειτο,
905 1384 991 1456 &osv
1010 1385 1027 1455 ὁ
1043 1384 1200 1478 Ἀχελῷος
1219 1387 1347 1474 ἐκρέων

234 1486 281 1557 δι’
310 1494 474 1569 Αἰτωλίας
504 1494 551 1568 είς
578 1487 639 1557 τόν
655 1486 879 1577 Ἀμβρακικόν
902 1488 988 1578 ἐξῄει
1020 1489 1164 1574 κόλπον,
1187 1487 1282 1575 άχρις
1303 1480 1346 1555 οὗ

228 1590 394 1678 Ἡρακλῆς
414 1589 520 1660 αὐτόν
540 1589 756 1678 ἀπέστρεψεν.
803 1593 957 1678 μέγιστος
979 1582 1043 1658 οὖν
1065 1597 1133 1657 τῶν
1156 1593 1261 1679 ταότη
1282 1617 1345 1658 πο-

234 1701 348 1780 ταμῶν
371 1690 388 1760 ὁ
406 1693 572 1783 Ἀχελῷος,
595 1691 648 1761 διό
668 1691 842 1778 Ἀχελώϊον
865 1699 933 1760 πᾶν
950 1706 1094 1778 πηγαῖον
1108 1691 1212 1777 ὕδωρ.
1233 1696 1289 1760 καὶ
1306 1691 1344 1760 τό

234 1798 271 1862 ἐν
293 1793 448 1883 Δωδώνη
469 1795 506 1862 δὲ
523 1807 682 1881 μαντεῖον
701 1792 804 1861 ἅπασι
825 1790 894 1874 τοῖς
912 1808 1071 1881 χρησμοῖς
1091 1796 1221 1861 κελεύει
1242 1793 1344 1862 θύειν

231 1894 389 1985 Ἀχελῴῳ.
420 1899 463 1964 V.
484 1898 585 1964 schol.
605 1899 702 1962 Hom.
727 1898 821 1962 1111
844 1904 905 1965 616
929 1892 950 1983 ἢ
974 1893 1026 1964 ότι
1044 1893 1201 1985 Ἀχελῷος
1223 1901 1345 1975 κοινώς

234 2006 381 2066 καλεῖται
410 2006 477 2065 πᾶν
504 1994 609 2082 ὕδωρ.
653 2000 759 2064 ΑΒΙ).
787 2000 821 2063 οἱ
848 1998 884 2064 δὲ
911 1993 1071 2088 Ἀχελῷον
1093 1994 1275 2083 ὁμώνυμον
1299 2004 1345 2087 τῷ

235 2105 374 2191 Αἰτωλῷ
390 2097 476 2167 εἶναί
490 2126 525 2167 τε
540 2100 595 2167 καὶ
617 2097 722 2168 ἄλλον
745 2100 820 2184 περὶ
842 2098 967 2185 Δόμην
985 2105 1043 2184 τῆς
1056 2095 1185 2184 Ἀχαίας
1208 2102 1262 2166 καὶ
1284 2097 1346 2168 eii*-

235 2210 296 2270 λον
318 2202 392 2285 περὶ
415 2200 588 2286 Λάρισσαν
606 2208 664 2287 τῆς
691 2201 857 2292 Τρῳάδος.
896 2201 952 2267 καὶ
971 2206 1040 2267 πᾶν
1062 2198 1156 2286 ὕδωρ
1170 2197 1345 2285 Ἀχελώιόν

234 2324 349 2389 φασιν.
379 2299 483 2389 ὁγὰρ
505 2306 542 2371 ἐν
565 2303 721 2393 Δωδώνη
744 2301 826 2383 θεός
847 2301 1037 2391 παρῄνεσεν
1056 2299 1204 2392 Ἀχελώῳ
1230 2302 1342 2371 θύειν.

233 2401 319 2473 ὅθεν
340 2405 395 2472 καὶ
414 2405 587 2491 Ἀθηναῖοι
610 2410 665 2474 καὶ
685 2415 832 2493 Δυμαῖοι
855 2407 910 2474 καλ
925 2402 1044 2474 Ῥόδιοι
1065 2407 1120 2473 καὶ
1144 2413 1344 2472 Σικελιῶται

234 2504 339 2575 αὐτόν
356 2512 509 2593 τιμώσιν.
551 2505 753 2595 Ἀκαρνᾶνες
780 2508 816 2576 δὲ
845 2511 900 2576 καὶ
919 2505 1036 2594 άγώνα
1056 2504 1148 2596 αὐτῷ
1170 2509 1344 2575 ἐπιτελοῦ-

234 2630 350 2679 σιν.-
364 2612 461 2679 Adde
479 2613 629 2680 Eustath.
655 2614 695 2679 ll.
718 2619 790 2697 500,
816 2619 857 2679 43
879 2619 912 2678 Δ
927 2599 994 2679 '475
1016 2612 1118 2678 schol.
1138 2612 1259 2698 Odyss.
1282 2637 1303 2695 γ
1329 2618 1340 2677 1

234 2706 391 2797 λίμνηνό
415 2709 554 2798 ποιητὴς
574 2719 642 2780 πᾶν
663 2709 757 2796 ὕδωρ
782 2718 896 2798 φησίν.
934 2715 973 2779 In
994 2714 1045 2778 his
1067 2712 1217 2778 omnibus
1240 2713 1345 2801 Didy-

232 2837 325 2880 meae
343 2816 512 2881 doetrinae
533 2817 635 2882 latent
657 2818 807 2902 vestigia.

775 2991 793 3050 3

319 3101 428 3167 Bekk.
455 3101 592 3166 anecdd.
618 3101 677 3167 Gr.
701 3101 717 3165 I
739 3126 771 3188 p.
796 3106 873 3184 319,
895 3108 913 3168 6
941 3098 1127 3186 Ἀηδόνα.
1151 3103 1220 3167 ἔστι
1243 3099 1345 3186 μὲνὴ

233 3200 338 3287 ὅρνις.
380 3202 417 3268 ἐκ
441 3206 633 3286 μεταφορᾶς
660 3202 697 3267 δὲ
724 3205 765 3269 oi
792 3205 984 3287 τραγικοὶ
1007 3201 1068 3287 τὴν
1091 3207 1254 3288 γλωττίδα
1276 3209 1345 3268 τών

234 3309 335 3389 βοῶν.
360 3304 507 3391 (Ruhnk.
531 3300 657 3389 αὐλών,
680 3306 723 3371 of.
742 3306 886 3394 Hesyoh.
911 3330 936 3371 s.
953 3330 985 3371 v.
1007 3307 1257 3391 ἐξηνλημένον.)
1277 3309 1345 3372 ἔστι

234 3401 266 3471 δ’
297 3403 386 3473 ὅπου
414 3404 470 3472 καί
499 3401 696 3473 τόναόλόν.
740 3403 1114 3492 ἡλὲξιςΔιδύμου.
1160 3408 1344 3493 Hesych.l

237 3513 296 3573 120
332 3504 509 3594 άηδόνα·
550 3511 735 3593 γλωσσίδα,
769 3513 1001 3593 μεταφορικῶς
1030 3504 1216 3592 Εὐριπίδης
1250 3512 1344 3575 otoc-

234 3612 313 3675 ποδι
342 3608 397 3675 καὶ
424 3606 504 3687 τοός
529 3607 655 3688 αὐλοὺς
683 3611 720 3677 δὲ
749 3615 928 3689 λωτίνας
952 3606 1138 3695 άηδόνας
1174 3634 1239 3676 που
1268 3614 1344 3696 ἔφη.

233 3711 528 3779 Animadversione
557 3714 692 3798 dignum
720 3723 784 3795 est,
815 3713 1058 3799 Diogenianum
1087 3714 1193 3777 videri
1222 3713 1345 3778 fontem

233 3834 298 3876 non
320 3814 457 3880 celasse.
487 3816 574 3879 Hinc
593 3837 645 3901 ap.
670 3824 712 3880 et.
732 3837 774 3880 m.
795 3839 820 3879 s.
835 3837 867 3879 v.
892 3809 1019 3898 άρνεῑα,
1043 3837 1126 3903 quae
1145 3814 1346 3900 Diogeniani

233 3913 345 3998 glossa
362 3925 421 3998 est,
437 3915 575 4001 legimus
595 3916 742 3981 additum
761 3919 923 3998 Δίδυμος.
950 3916 1003 3981 Cf.
1021 3940 1135 3982 comm.
1152 3917 1193 3981 de
1208 3916 1343 4002 Didym.

231 4017 344 4102 (1851)
365 4039 398 4102 p.
421 4019 471 4080 21.
501 4021 543 4083 4⁰.
590 4019 824 4102 Fragmentum
855 4019 1022 4105 Euripidis
1050 4018 1160 4082 omisit
1189 4018 1343 4102 Wagner.

231 4117 311 4182 Eur.
328 4118 445 4203 fragm.
459 4141 491 4204 p.
506 4124 566 4183 755
583 4121 634 4185 ed.
646 4120 726 4185 Did.
749 4122 836 4185 Hinc
859 4122 998 4186 fortasse
1019 4120 1171 4185 Minerva
1192 4120 1346 4185 tibiarum

230 4219 397 4284 inventrix
421 4219 621 4307 Parnphyliis
645 4222 761 4286 Aednn
784 4222 883 4287 diota.
906 4222 1017 4308 (Hes.)
