2932 5002
247 424 248 427 ’
269 403 331 465 390

273 574 453 650 υπεροχαῑς
478 564 540 649 (sio
559 562 677 644 Stura,
705 561 777 626 cod.
805 557 843 623 ἐν
865 570 934 636 τοῖς
955 553 1028 646 ὑπ.)
1057 552 1097 622 τὰ
1123 553 1244 641 μενικὰ
1274 555 1392 624 καὶτὰ

274 662 381 733 εἰδικοὶ
405 666 492 754 (cod.
516 659 622 748 ἰδικό,
652 685 735 728 corr.
758 660 819 746 id.)
842 661 896 724 καί
920 656 960 725 τὰ
982 658 1083 744 κύρια
1105 655 1276 745 ὀνόματα,
1306 655 1392 726 ῶστε

273 766 319 855 μὴ
342 765 613 851 προστιθεμένου
640 767 702 829 τοῦ
732 763 860 826 εἰδικοῦ
890 756 955 826 ἆπό
981 765 1043 827 τοῦ
1071 767 1210 845 γενικοῦ
1233 771 1393 829 νοεῖσθαι

274 870 311 940 τό
333 868 461 939 εἰδικόν
484 868 571 959 (cod.
594 864 731 950 ἰδικόν),
754 857 798 940 ὡς
821 862 874 927 ἐπὶ
891 857 1057 947 Ὀμήρου·
1080 862 1223 948 ποιητὴν
1243 862 1311 949 γὰρ
1328 861 1393 931 αὕ-

274 971 334 1040 τὸν
347 975 479 1050 εἰδικῶς
490 970 642 1054 λέγομεν,
655 966 710 1032 καί
724 972 823 1030 θεῖον
840 960 922 1030 όταν
940 966 1089 1049 λέγωμεν
1105 966 1193 1052 (cod.
1207 967 1281 1052 ομ),
1299 970 1393 1045 ἰδίως

275 1072 336 1143 τόν
357 1071 563 1158 ὑπερέχοντα
584 1071 734 1152 νοοῦμεν
754 1065 807 1131 ἐπὶ
828 1070 891 1131 τοῦ
912 1071 1032 1132 κοινοῦ
1052 1060 1108 1131 διὰ
1123 1062 1185 1150 τὴν
1202 1061 1391 1151 ὑπεροχήν.

274 1172 364 1243 οὕτω
388 1175 443 1241 καὶ
465 1170 575 1257 ὕμνον
599 1172 691 1245 ἰδίως
712 1168 855 1252 λέγομεν
877 1165 933 1233 διὰ
956 1165 1018 1252 τὴν
1040 1167 1227 1253 σεμνότητα
1251 1168 1308 1232 καί
1331 1192 1392 1235 πε-

274 1278 397 1360 ριττῶν
420 1273 525 1361 (vulg‚
549 1269 728 1356 περὶτῶν)
756 1264 867 1335 ἄλλων
895 1265 1007 1354 ὕμνον
1029 1265 1149 1336 ὄντων.
1195 1270 1317 1357 (Vides
1337 1270 1392 1337 ho-

273 1376 527 1457 moeoteleuton,
555 1372 643 1461 quod
670 1371 784 1437 dicunt
790 1422 799 1454 ,
826 1395 976 1438 caussam
998 1396 1084 1456 esse,
1117 1395 1175 1438 cur
1197 1372 1392 1437 lacunosum

274 1477 451 1542 habeamus
473 1484 521 1540 et
538 1474 597 1560 m.)
630 1471 826 1558 κεχώρισται
855 1471 892 1540 δὲ
914 1478 983 1539 τῶν
1008 1475 1201 1560 4προσοδίων
1225 1471 1282 1538 καί
1308 1473 1392 1539 κατὰ

273 1575 373 1643 τοῦτό
396 1575 480 1641 ἐστι·
504 1571 544 1640 τὰ
562 1572 625 1659 μὲν
638 1573 814 1659 προσόδια,
837 1570 927 1642 καθὰ
948 1575 1003 1641 καί
1017 1575 1172 1659 κέκληται
1187 1573 1391 1658 προσιόντες

273 1676 339 1744 ιιτὲ.
385 1677 439 1743 Cf.
467 1677 574 1749 Procl.
605 1700 656 1765 ap.
681 1677 775 1742 Phot.
804 1681 944 1760 320,15
974 1677 1025 1741 ed.
1054 1676 1163 1741 Bekk.
1200 1677 1319 1766 [schol.
1350 1680 1390 1745 V.

274 1781 372 1846 Hom.
395 1780 435 1844 Il·
459 1783 494 1844 N
512 1781 600 1869 227].

811 1885 842 1945 4.

357 1999 411 2061 Et.
431 2021 474 2062 m.
498 2002 570 2081 690,
586 2003 626 2063 35
650 2001 888 2085 προσῳδίαι
908 1997 985 2084 (sic)
1009 1993 1100 2081 παρὰ
1122 1991 1159 2060 τό
1183 1994 1391 2077 προσιόντας

272 2110 366 2177 ναοῖς
388 2091 409 2181 ἢ
431 2103 557 2182 βωμοῖς
579 2095 663 2177 πρός
684 2096 791 2163 αὐλόν
814 2094 919 2186 ᾅδειν.
944 2092 999 2163 διὰ
1020 2096 1100 2183 (leg.
1117 2092 1389 2163 ἀντιδιαστέλλε-

272 2223 344 2283 ται,
381 2200 468 2287 quod
497 2198 692 2262 vocabulum
724 2200 822 2263 etiam
855 2200 1022 2286 Hesychio
1056 2198 1073 2261 I
1104 2223 1136 2287 p.
1166 2202 1229 2262 677
1258 2202 1390 2265 restitui

273 2299 372 2386 Soph.
399 2301 439 2364 Ο.
458 2299 497 2363 Τ.
525 2301 601 2384 723)
628 2297 664 2362 δὲ
689 2303 758 2364 τῶν
783 2297 919 2387 ὕμνων,
954 2295 1006 2365 ὅτι
1035 2296 1115 2378 τοὺς
1143 2294 1277 2384 ὕμνους
1304 2299 1389 2383 πρὸς

272 2399 421 2484 κιθάραν
449 2398 587 2478 ἑστῶτες
615 2395 767 2487 ᾅδουσιν.
813 2399 903 2467 οὕτω
928 2404 1118 2486 Δίδυμος
1140 2401 1185 2466 ἐν
1214 2405 1267 2488 τῷ
1291 2403 1388 2483 περὶ

271 2506 459 2585 λυρικῶν
480 2505 680 2585 ποιητῶν.

809 2676 839 2735 5.

355 2791 409 2854 Et.
427 2789 514 2854 Gud.
531 2792 603 2871 446,
616 2792 650 2850 51
680 2793 867 2865 παιᾶνες·
892 2785 982 2870 παρὰ
998 2784 1035 2854 τό
1052 2786 1170 2854 παῦσω
1188 2789 1313 2857 παύων
1331 2796 1388 2857 καί

271 2887 354 2955 κατὰ
375 2885 504 2972 τροπὴν
524 2893 586 2953 τοῦ
606 2912 628 2952 υ
651 2891 697 2966 εἰς
719 2914 741 2954 ι.
775 2888 830 2954 καί
851 2885 958 2967 οὕτως
980 2884 1215 2974 δΔίδυμος.
1263 2894 1319 2959 Cf.
1344 2905 1386 2959 et.

270 3014 313 3055 m.
336 2996 408 3073 657,
430 2995 448 3055 3
471 2988 578 3055 Procl.
599 3013 630 3078 p.
654 2993 726 3074 320,
747 2993 798 3056 21.

354 3091 417 3154 Tot
439 3091 540 3174 igitur
568 3091 631 3155 loci
664 3098 855 3177 supersunt,
886 3092 919 3154 in
953 3092 1072 3178 quibus
1094 3092 1252 3180 Didymei
1276 3099 1387 3184 operis

198 3191 201 3197 ’
270 3188 346 3272 περὶ
368 3192 519 3271 λυρικῶν
541 3192 691 3272 ποιητῶν
713 3192 883 3287 compositi
905 3194 1062 3256 memoria
1084 3193 1170 3257 sacta
1189 3206 1254 3279 est,
1275 3200 1385 3264 tenuis

269 3291 327 3355 illa
351 3288 498 3375 profecto
521 3298 618 3377 atque
640 3290 799 3356 oblivioni
819 3293 978 3379 proxima,
1003 3295 1124 3381 siquis
1147 3298 1385 3384 investigandi,

269 3414 353 3478 quac
373 3388 475 3455 oculis
501 3412 574 3454 sese
596 3392 690 3477 quasi
710 3388 914 3475 subtrahunt,
938 3397 1080 3480 vestigia
1102 3418 1201 3483 opera
1221 3397 1333 3464 fessus
1350 3402 1384 3464 in

267 3495 318 3558 his
341 3492 549 3579 acquiescere
572 3490 764 3577 fragmentis
786 3494 866 3557 setis
884 3493 1046 3577 babuerit.
1090 3497 1136 3560 At
1158 3497 1267 3583 Procli
1291 3500 1385 3566 chre·

268 3594 474 3659 stomathiam
511 3596 757 3680 grammaticam
795 3618 868 3658 cum
905 3595 1053 3684 reliquiis
1086 3598 1261 3686 Didymeis
1293 3602 1384 3687 apud

267 3697 422 3762 Orionem
444 3694 650 3779 Thebanum,
673 3695 782 3760 Procli
803 3705 886 3760 teste
909 3696 1036 3764 Marino
1060 3700 1118 3763 vit.
1141 3700 1196 3764 Pr.
1219 3722 1249 3765 c.
1273 3702 1292 3765 8
1316 3726 1384 3766 ma-

266 3799 415 3882 gistrum,
437 3799 577 3862 servatis
597 3797 650 3861 vel
673 3796 777 3861 obiter
796 3799 1058 3884 comparantibus
1078 3801 1173 3866 nobie
1190 3823 1256 3866 non
1273 3813 1385 3890 potest

264 3922 331 3964 non
347 3900 451 3986 primo
475 3898 585 3963 statim
607 3897 727 3961 intuitu
747 3919 783 3962 se
806 3897 991 3985 obtrudere,
1013 3924 1097 3989 quae
1114 3904 1199 3967 inter
1209 3905 1384 3991 utriusque

264 3999 385 4086 placita
406 3999 588 4081 intercedit,
610 3998 788 4064 similitudo
807 4009 874 4064 tam
897 4003 980 4066 mira
995 4026 1034 4067 ea
1048 4014 1179 4090 tamque
1194 4002 1384 4088 manifesta,

264 4109 300 4164 ut
326 4101 430 4164 nostri
459 4097 534 4183 περὶ
564 4104 713 4184 ποιητῶν
742 4110 914 4165 tractatum
943 4103 1134 4189 primarium
1166 4112 1265 4190 atque
1297 4107 1383 4172 adeo

263 4203 395 4264 unicum
417 4223 483 4265 non
503 4201 599 4266 modo
618 4201 732 4266 Orioni
755 4203 789 4266 in
807 4203 886 4268 locis
902 4204 1045 4292 aliquam
1059 4205 1179 4288 multis,
1201 4205 1383 4273 sedetiam

264 4299 380 4366 Proclo
413 4299 517 4387 Lycio
552 4304 585 4367 in
622 4302 747 4372 duobus
780 4305 944 4397 prioribus
978 4306 1252 4378 chrestomatbiae
1285 4307 1383 4379 libris
