2962 5018
237 372 299 435 284

236 543 293 623 τῆς
314 540 529 616 διδασκαλίας
549 534 591 604 ού
614 540 785 623 μέμνηται.
821 538 864 604 ἐν
887 537 929 603 δὲ
952 539 1085 616 ἐνίοις
1102 543 1184 604 των
1204 548 1354 624 σχολι-

237 645 321 706 κων
350 635 664 724 ὑπομνημάτων
695 641 824 727 (Lchrs.
854 642 913 704 Ar.
942 641 995 724 21)
1027 641 1121 705 ταυτί
1149 643 1351 727 γέγραπται·

237 737 359 822 ίσωςό
390 740 577 826 Λικύμνιος
602 738 780 825 ἐνεπύρισε
807 745 911 806 τινων
938 744 1053 819 οἰκίας.
1104 742 1149 807 ἐν
1184 744 1228 810 δὲ
1260 758 1352 825 τοῖς

236 843 617 964 ἐπιμεγραμμίνοις
634 838 917 907 Ἀπολλωνίου
938 846 1044 908 ταῦτα
1065 845 1265 927 γέγραπται·
1297 854 1349 933 ελη

235 940 314 1012 δ’”
293 970 336 1010 αν
366 953 398 1010 et
426 969 458 1031 q.
472 969 509 1016 s.
555 946 620 1027 Qui
642 944 733 1010 locus
757 942 834 1007 licet
855 966 875 1006 a
897 945 1025 1009 mendis
1047 967 1113 1010 non
1135 951 1240 1035 magis
1263 950 1349 1016 liber

233 1052 286 1130 sit,
308 1070 405 1134 quam
421 1045 608 1134 Hesychius
622 1069 657 1110 .s.
668 1068 700 1109 v.
714 1047 914 1127 Λικυμνίαις
934 1049 1049 1129 βολαῖς
1067 1070 1111 1112 ex
1130 1052 1242 1115 eodem
1258 1052 1349 1116 fonte

233 1151 381 1214 hausisse
400 1148 573 1234 putandus,
594 1146 648 1211 hic
662 1156 772 1210 tamen
788 1147 858 1231 ipse
878 1168 949 1210 cum
966 1147 1135 1233 Hesychio
1152 1153 1223 1216 sive
1239 1151 1347 1218 lexico

234 1253 371 1339 Didymi
394 1251 517 1316 comico
545 1269 723 1312 consensus
745 1244 876 1310 abunde
898 1249 1020 1312 evincit
1049 1261 1082 1314 et
1103 1253 1219 1318 scholii
1236 1263 1349 1317 aucto·

233 1376 302 1418 rem
324 1376 396 1417 esse
417 1360 563 1417 nostrum
585 1349 678 1414 stab
701 1349 763 1412 hoc
787 1350 937 1434 usurpari
958 1345 1002 1413 τὰ
1020 1344 1254 1436 ὑπομνήματα.
1277 1354 1346 1417 Ma·

233 1458 334 1520 iorem
355 1456 454 1519 etiam
475 1454 543 1516 vim
562 1461 659 1538 atque
677 1451 903 1515 auctoritatem
924 1451 967 1514 ad
986 1452 1191 1538 probandum
1209 1455 1242 1519 id
1258 1455 1347 1539 quod

233 1559 376 1623 diximus
397 1555 510 1637 habet,
534 1555 611 1641 quia
634 1553 705 1618 sino
727 1552 906 1617 offensione
935 1552 1069 1636 legitur,
1095 1555 1196 1619 schol.
1221 1556 1343 1644 Vespp.

234 1664 295 1724 564
314 1657 405 1746 (542)
429 1651 727 1738 θαλλοφόροι·
762 1651 800 1717 ἐν
822 1663 891 1728 τοῖς
912 1647 1151 1737 ὑπομνήμασιν
1176 1650 1272 1720 οὕτω
1289 1657 1347 1739 γε’-

234 1783 393 1844 γραπται·
428 1754 642 1840 θαλλοφόροι
664 1750 739 1819 ἀντὶ
758 1757 820 1819 τού
841 1751 994 1836 ἐργάται
1015 1753 1235 1821 θαλλόντ’
1257 1757 1347 1840 ἐρί-

234 1877 354 1945 φοισι
384 1861 585 1941 φορῆναι·
621 1859 656 1922 οί
680 1853 744 1943 γὰρ
772 1856 927 1939 γέροντες
952 1850 993 1920 τὰ
1020 1861 1159 1922 τοιαῦτα
1187 1853 1270 1923 ἐν’
1252 1864 1347 1946 αγρῷ

234 1961 483 2042 οίκονομούσιν.
530 1953 792 2041 εύχερεῑςιΥί
761 1955 846 2021 εἰσίν
871 1945 1019 2039 πορίων
1041 1958 1147 2040 μηδὲν
1169 1961 1267 2043 ἔσχον
1281 1978 1346 2025 σα-

233 2059 358 2146 φλςε
328 2060 463 2147 (εἰπεῖν)
498 2054 808 2142 αύτοσχεδιόζοντες
842 2058 948 2144 (vulg.
982 2052 1137 2141 ἀποσχεδ.
1141 2060 1153 2145 )
1185 2070 1217 2124 et
1249 2086 1280 2149 q.
1317 2085 1343 2125 s

232 2163 430 2243 doctissima,
453 2160 619 2246 Hesychio
638 2159 726 2225 haud
746 2162 859 2243 ignota
880 2157 1121 2243 θαλλοφόρους
1142 2157 1226 2242 πρὸς
1241 2156 1345 2227 οὐδὲν

233 2260 314 2330 ἄλλο
336 2265 518 2346 χρησίμους
541 2254 561 2346 ἢ
586 2258 669 2347 πρὸς
690 2254 727 2326 τό
752 2259 894 2326 θάλλειν
918 2262 1198 2349 (ἳθαλλοφορεῑν.
1220 2263 1343 2327 Meurs.

232 2365 369 2430 Panath.
386 2367 425 2427 33
448 2359 509 2429 τόν
523 2361 679 2449 θαλλόν).
705 2363 797 2428 Idem
817 2364 975 2428 iudicium
999 2364 1184 2430 efficeretur
1206 2385 1224 2426 ο
1241 2362 1342 2445 schol.

232 2469 353 2554 Vespp.
376 2469 455 2530 1003
479 2467 583 2554 (962),
606 2466 671 2528 nisi
688 2465 892 2552 Hesychium
915 2491 941 2531 s.
954 2489 986 2530 v.
1009 2462 1169 2549 τραχήλια
1193 2485 1344 2527 mancum

231 2568 434 2633 haberemus
490 2566 690 2631 Scholiastae
725 2565 828 2631 verba
857 2575 933 2630 sunt
965 2566 1009 2630 ἐν
1038 2576 1124 2641 τοῖς
1152 2559 1344 2648 ὑπομνη-

231 2686 329 2753 μασι
359 2667 403 2733 δὲ
433 2667 616 2752 γέγραπται
645 2665 721 2751 περὶ
749 2691 818 2731 των
839 2670 1025 2749 τραχηλίων
1047 2661 1171 2786 οὕτως·
1194 2661 1235 2730 τὰ
1256 2660 1343 2729 ἄπο-

230 2765 419 2856 βαλλόμενα
433 2772 503 2832 των
523 2764 630 2852 ὄψων,
651 2761 696 2845 ὡς
711 2791 813 2852 μικρα
801 2762 1009 2843 κλέψοντος
1027 2760 1144 2831 αὐτοῦ
1167 2761 1341 2849 πεπλάνη-

230 2895 283 2936 ται
312 2870 359 2934 de'
401 2870 471 2933 ἔστι
492 2867 529 2933 dl
549 2854 730 2991 τραχηλίόυ
752 2893 783 2933 τι
801 2862 913 2986 βραχύ
934 2867 1072 2951 τελέως,
1105 2867 1342 2951 παραπλήσιον

231 2980 300 3044 τοῖς
328 2971 517 3052 κυρηβίοις,
551 2970 701 3034 τουτέστι
730 2967 899 3052 πιτύροις,
932 2977 1001 3044 τοῖς
1028 2961 1094 3033 ἀπὸ
1118 2972 1187 3032 miv
1208 2972 1341 3051 κριθῶν

230 3064 477 3151 ἀποβρέγμασι,
506 3080 574 3146 τοῖς
601 3064 746 3152 ἀχύροις.
792 3071 891 3134 Forte
919 3079 1030 3133 tamen
1057 3069 1189 3133 fortuna
1218 3068 1341 3133 sactum

231 3178 296 3248 est,
318 3175 354 3231 ut
372 3166 453 3230 Hes.
477 3191 503 3231 s.
517 3191 548 3232 v.
572 3168 732 3253 κυρήβια·
756 3169 861 3255 (vulg.
885 3171 1035 3255 κυρίβια)
1057 3172 1126 3233 τῶν
1148 3175 1279 3253 κριθῶν
1300 3169 1340 3234 τὰ

230 3262 465 3350 όποβρέμματα
484 3276 558 3354 apte
580 3269 643 3332 huc
663 3272 845 3355 comparari
867 3280 988 3355 posset.
1021 3270 1095 3351 Qua
1118 3269 1227 3334 oblata
1249 3292 1340 3335 occs-

229 3368 320 3431 sionc
347 3387 463 3431 moneo
492 3389 610 3432 nornen
643 3392 771 3456 quoque
796 3374 980 3453 Κυρηβίων
1006 3372 1040 3434 in
1066 3370 1173 3435 lexico
1204 3370 1342 3456 Didymi

229 3469 354 3532 comico
384 3469 549 3533 exstitisse
576 3470 693 3534 videri.
737 3468 833 3532 Hunc
858 3472 944 3534 enim
967 3473 1003 3536 in
1025 3473 1221 3536 sententiam
1242 3472 1341 3535 inter-

227 3578 338 3654 pretor
353 3567 513 3655 Harpocr.
529 3575 598 3653 117,
612 3572 651 3632 25
669 3567 724 3632 καὶ
745 3569 783 3633 ἐν
805 3565 917 3647 ἅλλοις
931 3568 1125 3653 δεδήλωται.
1150 3572 1201 3636 Cf.
1214 3570 1339 3635 Alexin

227 3669 348 3734 Athen.
361 3669 454 3756 le.
468 3669 577 3751 2421),
600 3679 636 3734 ut
657 3679 849 3734 nosternon
871 3671 967 3735 modo
989 3672 1024 3734 in
1043 3674 1274 3737 commentario
1296 3675 1340 3739 sd

227 3769 397 3834 Demosth.
417 3771 459 3834 de
480 3770 553 3834 fals.
577 3770 641 3855 leg.
662 3775 733 3852 433,
757 3773 792 3832 21
816 3769 870 3834 vel
892 3774 1132 3837 commentariis
1155 3773 1338 3857 rhetoricis,

227 3869 286 3933 ssd
306 3870 341 3932 in
363 3870 469 3935 lexico
492 3872 588 3934 etiam
602 3873 726 3935 comico
742 3871 783 3936 ds
798 3892 871 3934 voc.
889 3874 1073 3955 Κυρηβίων
1087 3873 1218 3937 dixerit.
1243 3874 1338 3953 Quae

226 3991 300 4032 cum
329 3969 375 4032 ita
399 3971 479 4050 sint,
506 3992 572 4034 non
602 3971 715 4036 dubito
744 3972 824 4057 quin
846 3971 889 4035 sd
908 3980 1054 4035 nostrum
1076 3972 1249 4038 referenda
1271 3978 1339 4039 sint

228 4069 325 4132 etiem
361 4067 475 4133 scholl.
509 4069 567 4133 Ar.
595 4071 682 4135 Avv.
712 4074 769 4135 281
807 4070 896 4156 (coll.
931 4073 1010 4134 1242
1040 4077 1090 4154 είη
1122 4067 1155 4135 d’
1179 4065 1222 4136 ἄν
1244 4063 1338 4156 οὖν).

225 4168 298 4231 283.
314 4171 375 4231 556
399 4167 489 4254 (coll.
502 4168 623 4254 Vespp.
637 4174 696 4234 564
718 4169 923 4252 ἐσχεδίασται
947 4165 979 4234 d’
1001 4165 1063 4234 ὑπ’
1088 4165 1228 4250 αὐτῶν).
1254 4177 1338 4238 1075

224 4263 311 4333 Plut.
337 4268 399 4332 385
421 4266 546 4358 Vespp.
566 4271 638 4336 343.
659 4272 721 4333 352
742 4272 918 4359 praecipue
940 4292 1013 4335 cum
1040 4270 1140 4337 schol.
1163 4272 1222 4338 Ar.
1245 4272 1337 4340 Avv.
