2964 5010
117 405 120 413 ·
234 377 254 439 6

193 615 197 625 ,
234 553 290 630 tet,
312 543 410 630 quod,
432 563 505 607 cum
526 540 629 605 multa
648 539 807 605 adversus
828 558 903 604 eum
922 540 1093 626 scripsisse
1114 539 1253 622 dicatur,
1276 542 1346 605 eius

235 645 328 731 qussi
357 644 499 726 vestigia
527 642 648 726 legisse
669 639 815 722 videtur,
849 646 887 705 ut
904 640 993 706 haud
1013 640 1115 705 sciam
1134 664 1177 706 an
1198 642 1346 727 proxime

234 764 256 811 s
276 767 355 809 vero
377 746 421 809 sit
441 743 608 825 afuturus,
630 743 688 828 qui
708 741 823 807 decem
843 742 912 808 fere
933 761 1093 808 annuum
1113 743 1276 808 intereos
1297 745 1346 809 di.
1430 800 1432 805 .

235 848 376 912 sorimen
399 867 473 911 esse
496 845 657 911 statuerit.
707 844 838 930 Itaque,
866 862 964 931 quum
993 842 1098 910 Iubae
1119 844 1244 909 natales
1267 846 1345 910 inci·

236 951 316 1015 dant
341 950 377 1014 in
399 971 428 1012 a.
449 970 483 1013 u.
507 951 585 1029 703,
616 945 797 1032 Didymum
818 956 858 1011 a.
871 969 903 1010 u.
928 949 989 1010 713
1013 953 1125 1010 natum
1149 967 1223 1012 esse
1244 945 1342 1013 effici·

234 1063 303 1135 tur,
331 1049 420 1138 quod
445 1070 519 1114 cum
542 1046 664 1114 Snidae
688 1047 798 1112 verbis
828 1044 883 1112 aa
911 1047 1103 1130 Κικέρωνος
1122 1068 1220 1133 quam
1242 1048 1347 1134 possit

239 1153 374 1239 egregie
397 1151 567 1217 conciliari
593 1150 701 1238 quivis
726 1146 914 1234 intelleget,
939 1150 996 1236 qui
1021 1171 1104 1237 quse
1132 1149 1174 1214 de
1194 1148 1347 1215 vocabuli

235 1248 383 1338 γεγονώς
415 1253 503 1338 apud
528 1251 662 1318 Suidsm
695 1273 757 1332 usu
788 1250 978 1316 observavit
1009 1250 1167 1316 Ritschcl.
1196 1251 1232 1315 in
1262 1249 1346 1316 libro

234 1358 332 1421 Alex.
356 1353 510 1420 Biblioth.
538 1370 584 1440 p.
602 1357 645 1418 79
676 1352 870 1417 meminerit.
916 1350 1068 1438 Spondeo
1090 1374 1121 1416 a.
1144 1375 1176 1418 u.
1193 1354 1266 1416 ,712
1290 1355 1343 1438 (41

138 1448 141 1452 ’
234 1481 265 1523 5.
289 1456 384 1538 Ch),
405 1477 470 1544 quo
494 1455 610 1520 Cicero
631 1455 703 1519 luce
725 1455 873 1540 privatus
894 1463 960 1537 est,
981 1453 1161 1542 Didymum
1184 1455 1219 1519 in
1241 1455 1366 1532 lucem,

234 1581 307 1625 esse
329 1558 468 1640 editum,
486 1557 519 1622 h.
541 1579 570 1622 e.
590 1568 709 1622 novem
730 1576 833 1620 annos
851 1563 926 1642 post
944 1555 1061 1620 Iubam
1078 1564 1201 1621 natum.
1245 1556 1345 1637 Quin·

234 1659 471 1749 quagenarium
493 1658 593 1742 igitur
614 1658 643 1721 si
664 1668 751 1721 nono
776 1665 851 1742 post
872 1655 948 1723 Chr.
975 1679 1062 1722 anno
1083 1659 1270 1725 vicenarius
1291 1680 1346 1723 au·

235 1764 319 1828 divit
341 1759 498 1824 Ponticus
520 1757 728 1840 Heraclides,
756 1757 808 1822 hic
832 1756 870 1822 O.
895 1758 1039 1824 Caesare
1061 1758 1215 1845 Caligula
1235 1762 1345 1846 Augu·

234 1873 284 1929 sto
312 1862 347 1926 II
375 1860 451 1926 (ios.
479 1859 540 1924 AO
570 1861 611 1925 39
642 1860 963 1945 quinquagesimum,
995 1860 1057 1926 AO
1090 1866 1129 1925 54
1172 1884 1274 1947 regno
1304 1864 1347 1928 ad

234 1963 398 2028 Neronem
431 1961 588 2028 redeunte
622 1981 743 2024 annum
771 1959 891 2044 agebat
931 1963 1172 2047 sexagesimum
1206 1974 1344 2029 sextum.

234 2065 349 2150 Neque
376 2062 635 2148 his‘temporum
663 2061 886 2126 notationibus
912 2063 1036 2129 indicia
1057 2063 1183 2151 relique
1209 2087 1275 2129 non
1296 2088 1345 2130 re·

234 2163 411 2253 spondent:
442 2165 583 2250 primum
608 2162 766 2228 Claudius
786 2162 966 2252 Didymus,
994 2166 1053 2252 qui
1073 2166 1161 2251 apud
1183 2166 1378 2232 Neronem‘

233 2267 320 2332 vixit
348 2265 535 2331 Heraclidis
562 2265 664 2346 filius,
693 2274 762 2330 tum
790 2266 960 2332 Heraclidi
985 2287 1060 2332 cum
1083 2267 1242 2334 Anterote
1276 2270 1346 2334 sive

234 2367 409 2455 Apollonio
428 2365 578 2432 Archibii
602 2365 827 2454 (Archebuli),
848 2369 990 2454 Apionis'¹
1007 2367 1185 2454 discipulo,
1207 2369 1268 2435 snb
1288 2372 1346 2436 im-

233 2479 384 2558 peratore
406 2469 543 2535 Claudio
567 2476 738 2554 susceptae
758 2468 958 2552 inimicitiae,
981 2470 1101 2551 deinde
1121 2469 1208 2557 Apio
1229 2471 1346 2538 Plisto

233 2574 342 2654 uices,
362 2571 501 2658 Didymi
521 2565 684 2653 θρεπτός,
709 2569 858 2654 Tiberio,
882 2571 919 2639 0.
944 2571 1103 2653 Caesare,
1127 2570 1268 2639 Claudio
1289 2575 1346 2639 im·

233 2674 440 2760 potatoribus
481 2681 549 2738 tota
591 2671 766 2738 ohonlstus
804 2672 960 2756 Graecia,
999 2682 1170 2740 successor
1201 2674 1346 2741 Theonis

233 2775 455 2858 grammatici,
470 2775 617 2862 aequalis
633 2797 712 2841 vero
731 2774 885 2862 Dionysii
900 2775 1213 2860 Halicarnassensis,
1230 2788 1346 2865 quarto

234 2874 385 2961 Trypho,
409 2876 574 2942 Ammonii
596 2878 700 2960 filius,
722 2879 826 2942 nostri
846 2878 1071 2965 discipulos¹),
1093 2874 1243 2961 γεγονώς
1263 2874 1346 2945 κατὰ

233 2972 314 3052 τοὺς
327 2971 531 3059 Αὐγούστου
544 2977 688 3063 χρόνους
700 2979 761 3057 ι((51
783 2975 961 3064 πρότερον,
978 2981 1092 3068 quinto
1106 2982 1313 3047 Aristonicus
1320 2982 1346 3065 ²)

233 3077 406 3144 Strabonis
433 3081 579 3168 aequalis
606 3083 641 3147 in
668 3079 762 3145 libris
784 3082 853 3146 suis
880 3083 958 3166 aspi
984 3087 1131 3166 σημείων
1159 3082 1347 3168 compositis

233 3178 370 3265 Didymi
396 3181 437 3247 de
460 3181 618 3247 diorthosi
639 3181 774 3246 Homeri
802 3183 1015 3250 Aristarchea
1035 3205 1134 3271 opere
1157 3180 1346 3267 saepissime

233 3303 312 3345 usus
336 3282 429 3369 (citat
449 3305 524 3348 eum
543 3288 572 3350 Θ
594 3287 667 3348 535.
690 3288 720 3349 0
738 3285 810 3369 86),
838 3285 979 3373 deniquo
999 3285 1107 3366 Theo,
1135 3285 1199 3348 nisi
1220 3285 1345 3351 conice
1451 3305 1455 3311 ¹

234 3391 308 3448 tura
331 3384 434 3468 fallit,
456 3385 593 3471 Didymi
613 3386 650 3449 in
669 3384 784 3450 lexicis
808 3386 987 3452 condendis
1009 3387 1134 3470 tragico
1153 3386 1346 3472 ›comieoqne

235 3488 344 3571 operis
372 3489 554 3575 consors³),
588 3485 728 3573 Apionis
756 3487 790 3550 in
813 3488 928 3552 Museo
950 3487 1178 3553 Alexandrino
1200 3497 1345 3555 anteces-

233 3612 298 3656 sor.
343 3590 452 3678 Atque
475 3589 515 3654 de
536 3589 675 3676 Apionis
702 3599 735 3653 et
758 3590 862 3656 nostri
885 3589 1113 3656 coniunctione
1141 3612 1183 3656 ne
1203 3591 1237 3653 in
1260 3611 1346 3657 erro·

239 3817 242 3821 ·
305 3800 329 3865 1)
346 3799 410 3851 Vid.
428 3800 523 3852 Lohra.
548 3799 583 3852 (15
599 3800 682 3852 Arist.
707 3798 780 3850 stud.
802 3798 882 3851 Hom.
907 3808 934 3863 p.
958 3797 1019 3850 341.
1040 3824 1073 3838 -·
1095 3799 1206 3853 Velsan.
1225 3800 1259 3852 de
1278 3801 1346 3865 Try·

232 3885 314 3951 phon.
333 3903 361 3951 p.
381 3889 406 3937 2.
1338 3952 1341 3956 ¹

303 3975 330 4038 2)
355 3975 450 4024 Lehrs.
475 3972 493 4022 l.
514 3971 531 4020 1.
556 3988 582 4036 p.
602 3973 629 4022 5.
654 3971 776 4022 Miitaell.
802 3971 836 4021 de
863 3973 967 4022 emend.
985 3972 1215 4038 Theog.Hesiod.
1235 3989 1262 4037 p.
1282 3974 1344 4024 288.

234 4060 393 4124 Bernhardy
416 4058 533 4111 emndr.
564 4059 611 4109 der
636 4071 677 4122 gr.
693 4059 788 4110 ‚nisos
812 4059 910 4111 Gesch.
936 4060 965 4111 ll
990 4075 1016 4124 p.
1043 4060 1104 4110 114.
1139 4058 1191 4109 Th.
1211 4059 1343 4110 Beccard.

234 4143 267 4194 de
297 4144 392 4201 scholi.
421 4146 519 4195 Venst.
548 4160 575 4208 p.
605 4144 730 4195 11-26.
784 4144 874 4195 Wold.
898 4144 1029 4195 Ribbeck.
1059 4145 1092 4195 de
1109 4145 1224 4197 25555.»
1237 4151 1344 4212 quaest.

233 4243 260 4294 p.
282 4231 322 4282 13.
343 4231 462 4294 quinon
480 4229 820 4297 dabebsa‘Beruhsrdyum
839 4231 985 4297 castigare.

303 4316 331 4382 3)
356 4317 398 4366 Cf.
421 4320 542 4366 nostram
568 4315 601 4366 de
620 4311 674 4376 λεξ.
700 4331 770 4382 aaa.
792 4321 965 4367 commentat.
989 4333 1012 4366 s.
1031 4317 1051 4370 i.
