<?xml version="1.0" encoding="UTF-8"?>
<!DOCTYPE html PUBLIC "-//W3C//DTD XHTML 1.0 Transitional//EN"
    "http://www.w3.org/TR/xhtml1/DTD/xhtml1-transitional.dtd">
<html xmlns="http://www.w3.org/1999/xhtml" xml:lang="en" lang="en">
 <head>
  <title>
</title>
<meta http-equiv="Content-Type" content="text/html;charset=utf-8" />
  <meta name='ocr-system' content='tesseract 3.04.00' />
  <meta name='ocr-capabilities' content='ocr_page ocr_carea ocr_par ocr_line ocrx_word'/>
</head>
<body>
  <div class='ocr_page' id='page_1' title='image "./didymichalcente00schmgoog_0145.png"; bbox 0 0 2948 5024; ppageno 0'>
   <div class='ocr_carea' id='block_1_1' title="bbox 232 418 881 481">
    <p class='ocr_par' dir='ltr' id='par_1_1' title="bbox 232 418 881 481">
     <span class='ocr_line' id='line_1_1' title="bbox 232 418 881 481; baseline -0.002 0"><span class='ocrx_word' id='word_1_1' title='bbox 232 418 290 481; x_wconf 89' lang='grc'><strong><em>126</em></strong></span> <span class='ocrx_word' id='word_1_2' title='bbox 679 421 881 480; x_wconf 89' lang='grc' dir='ltr'><strong><em>-Δ-</em></strong></span> 
     </span>
    </p>
   </div>
   <div class='ocr_carea' id='block_1_2' title="bbox 165 575 1342 4453">
    <p class='ocr_par' dir='ltr' id='par_1_2' title="bbox 228 575 1342 772">
     <span class='ocr_line' id='line_1_2' title="bbox 315 575 1342 668; baseline 0.001 -18"><span class='ocrx_word' id='word_1_3' title='bbox 315 591 364 650; x_wconf 87' lang='grc'><strong><em>17.</em></strong></span> <span class='ocrx_word' id='word_1_4' title='bbox 388 587 424 650; x_wconf 86' lang='grc' dir='ltr'><strong><em>εί</em></strong></span> <span class='ocrx_word' id='word_1_5' title='bbox 441 579 474 649; x_wconf 87' lang='grc' dir='ltr'><strong><em>δ’</em></strong></span> <span class='ocrx_word' id='word_1_6' title='bbox 495 577 645 661; x_wconf 75' lang='grc' dir='ltr'><strong><em>αὕτως·</em></strong></span> <span class='ocrx_word' id='word_1_7' title='bbox 661 580 717 649; x_wconf 79' lang='grc' dir='ltr'><strong><em>διὰ</em></strong></span> <span class='ocrx_word' id='word_1_8' title='bbox 736 587 797 648; x_wconf 81' lang='grc' dir='ltr'><strong><em>τοῦ</em></strong></span> <span class='ocrx_word' id='word_1_9' title='bbox 816 587 899 661; x_wconf 73' lang='grc' dir='ltr'><strong><em>ταῖς</em></strong></span> <span class='ocrx_word' id='word_1_10' title='bbox 916 578 1176 668; x_wconf 86' lang='grc' dir='ltr'><strong><em>αίἈριστάρχου</em></strong></span> <span class='ocrx_word' id='word_1_11' title='bbox 1194 588 1230 651; x_wconf 87' lang='grc' dir='ltr'><strong><em>εί</em></strong></span> <span class='ocrx_word' id='word_1_12' title='bbox 1245 575 1342 651; x_wconf 84' lang='grc' dir='ltr'><strong><em>δἀό</em></strong></span> 
     </span>
     <span class='ocr_line' id='line_1_3' title="bbox 228 675 1339 772; baseline -0.001 -17"><span class='ocrx_word' id='word_1_13' title='bbox 228 711 319 765; x_wconf 84' lang='grc' dir='ltr'><strong><em>πως.</em></strong></span> <span class='ocrx_word' id='word_1_14' title='bbox 340 687 377 751; x_wconf 88' lang='grc' dir='ltr'><strong><em>έν</em></strong></span> <span class='ocrx_word' id='word_1_15' title='bbox 395 682 432 751; x_wconf 78' lang='grc' dir='ltr'><strong><em>δὲ</em></strong></span> <span class='ocrx_word' id='word_1_16' title='bbox 450 689 490 772; x_wconf 73' lang='grc' dir='ltr'><strong><em>τῇ</em></strong></span> <span class='ocrx_word' id='word_1_17' title='bbox 511 681 584 751; x_wconf 91' lang='grc' dir='ltr'><strong><em>κατ’</em></strong></span> <span class='ocrx_word' id='word_1_18' title='bbox 602 681 825 770; x_wconf 75' lang='grc' dir='ltr'><strong><em>Ἀριστοφάνη</em></strong></span> <span class='ocrx_word' id='word_1_19' title='bbox 842 689 873 751; x_wconf 90' lang='grc' dir='ltr'><strong><em>εί</em></strong></span> <span class='ocrx_word' id='word_1_20' title='bbox 888 683 921 750; x_wconf 82' lang='grc' dir='ltr'><strong><em>δ’</em></strong></span> <span class='ocrx_word' id='word_1_21' title='bbox 936 675 988 753; x_wconf 85' lang='grc' dir='ltr'><strong><em>αό</em></strong></span> <span class='ocrx_word' id='word_1_22' title='bbox 1001 686 1079 767; x_wconf 82' lang='grc' dir='ltr'><strong><em>τάς</em></strong></span> <span class='ocrx_word' id='word_1_23' title='bbox 1096 684 1152 755; x_wconf 79' lang='grc' dir='ltr'><strong><em>διὰ</em></strong></span> <span class='ocrx_word' id='word_1_24' title='bbox 1164 693 1226 754; x_wconf 83' lang='grc' dir='ltr'><strong><em>τοῦ</em></strong></span> <span class='ocrx_word' id='word_1_25' title='bbox 1247 714 1275 754; x_wconf 91' lang='grc' dir='ltr'><strong><em>τ.</em></strong></span> <span class='ocrx_word' id='word_1_26' title='bbox 1298 693 1339 754; x_wconf 92' lang='grc' dir='ltr'><strong><em>Α.</em></strong></span> 
     </span>
    </p>

    <p class='ocr_par' dir='ltr' id='par_1_3' title="bbox 229 784 1341 979">
     <span class='ocr_line' id='line_1_4' title="bbox 313 784 1341 877; baseline 0.004 -24"><span class='ocrx_word' id='word_1_27' title='bbox 313 788 406 872; x_wconf 88' lang='lat' dir='ltr'><strong>[ibid.</strong></span> <span class='ocrx_word' id='word_1_28' title='bbox 429 791 617 872; x_wconf 87' lang='grc' dir='ltr'><strong><em>γένοιτο·</em></strong></span> <span class='ocrx_word' id='word_1_29' title='bbox 654 784 763 867; x_wconf 81' lang='grc' dir='ltr'><strong><em>οὕτως</em></strong></span> <span class='ocrx_word' id='word_1_30' title='bbox 780 784 1040 876; x_wconf 77' lang='grc' dir='ltr'><strong><em>Ἀριστοφάνης·</em></strong></span> <span class='ocrx_word' id='word_1_31' title='bbox 1071 785 1281 877; x_wconf 72' lang='grc' dir='ltr'><strong><em>Ἀρίσταρχος</em></strong></span> <span class='ocrx_word' id='word_1_32' title='bbox 1303 789 1341 856; x_wconf 71' lang='grc' dir='ltr'><strong><em>δὲ</em></strong></span> 
     </span>
     <span class='ocr_line' id='line_1_5' title="bbox 229 890 492 979; baseline -0.008 -23"><span class='ocrx_word' id='word_1_33' title='bbox 229 890 415 956; x_wconf 79' lang='grc' dir='ltr'><strong><em>πέλοιτο.</em></strong></span> <span class='ocrx_word' id='word_1_34' title='bbox 438 890 492 979; x_wconf 90' lang='lat' dir='ltr'><strong>V.·]</strong></span> 
     </span>
    </p>

    <p class='ocr_par' dir='ltr' id='par_1_4' title="bbox 228 985 1341 1180">
     <span class='ocr_line' id='line_1_6' title="bbox 315 985 1341 1080; baseline 0.003 -23"><span class='ocrx_word' id='word_1_35' title='bbox 315 996 385 1058; x_wconf 85' lang='grc'><strong><em>137.</em></strong></span> <span class='ocrx_word' id='word_1_36' title='bbox 419 994 568 1077; x_wconf 75' lang='grc' dir='ltr'><strong><em>ἔρυμα·</em></strong></span> <span class='ocrx_word' id='word_1_37' title='bbox 590 985 612 1077; x_wconf 81' lang='grc' dir='ltr'><em>ἡ</em></span> <span class='ocrx_word' id='word_1_38' title='bbox 634 991 830 1078; x_wconf 87' lang='grc' dir='ltr'><strong><em>Ζηνοδότου</em></strong></span> <span class='ocrx_word' id='word_1_39' title='bbox 850 992 905 1061; x_wconf 85' lang='grc' dir='ltr'><strong><em>καλ</em></strong></span> <span class='ocrx_word' id='word_1_40' title='bbox 921 990 1186 1079; x_wconf 74' lang='grc' dir='ltr'><strong><em>Ἀριστοφάνους</em></strong></span> <span class='ocrx_word' id='word_1_41' title='bbox 1209 997 1341 1080; x_wconf 77' lang='grc' dir='ltr'><strong><em>ἔλυμα</em></strong></span> 
     </span>
     <span class='ocr_line' id='line_1_7' title="bbox 228 1090 671 1180; baseline 0.005 -21"><span class='ocrx_word' id='word_1_42' title='bbox 228 1090 329 1180; x_wconf 83' lang='grc' dir='ltr'><strong><em>ελχον,</em></strong></span> <span class='ocrx_word' id='word_1_43' title='bbox 352 1095 457 1160; x_wconf 87' lang='grc' dir='ltr'><strong><em>οίονελ</em></strong></span> <span class='ocrx_word' id='word_1_44' title='bbox 480 1100 608 1179; x_wconf 82' lang='grc' dir='ltr'><strong><em>είληρα.</em></strong></span> <span class='ocrx_word' id='word_1_45' title='bbox 629 1094 671 1161; x_wconf 90' lang='grc' dir='ltr'><strong><em>Α.</em></strong></span> 
     </span>
    </p>

    <p class='ocr_par' dir='ltr' id='par_1_5' title="bbox 222 1190 1336 1391">
     <span class='ocr_line' id='line_1_8' title="bbox 222 1190 1336 1283; baseline 0 -22"><span class='ocrx_word' id='word_1_46' title='bbox 222 1270 224 1273; x_wconf 39' lang='grc'><strong><em>,</em></strong></span> <span class='ocrx_word' id='word_1_47' title='bbox 316 1201 386 1263; x_wconf 84' lang='grc'><strong><em>139.</em></strong></span> <span class='ocrx_word' id='word_1_48' title='bbox 419 1190 564 1274; x_wconf 78' lang='grc' dir='ltr'><strong><em>ὀϊστός</em></strong></span> <span class='ocrx_word' id='word_1_49' title='bbox 590 1195 822 1280; x_wconf 76' lang='grc' dir='ltr'><strong><em>ἐπέγραψε·</em></strong></span> <span class='ocrx_word' id='word_1_50' title='bbox 859 1192 895 1262; x_wconf 88' lang='grc' dir='ltr'><strong><em>τό</em></strong></span> <span class='ocrx_word' id='word_1_51' title='bbox 915 1197 1085 1283; x_wconf 74' lang='grc' dir='ltr'><strong><em>ἐπέγραψε</em></strong></span> <span class='ocrx_word' id='word_1_52' title='bbox 1106 1198 1206 1283; x_wconf 82' lang='grc' dir='ltr'><strong><em>χωρὶς</em></strong></span> <span class='ocrx_word' id='word_1_53' title='bbox 1226 1200 1290 1262; x_wconf 81' lang='grc' dir='ltr'><strong><em>τοῦ</em></strong></span> <span class='ocrx_word' id='word_1_54' title='bbox 1305 1221 1336 1262; x_wconf 91' lang='grc' dir='ltr'><strong><em>ν.</em></strong></span> 
     </span>
     <span class='ocr_line' id='line_1_9' title="bbox 227 1293 1336 1391; baseline -0.001 -27"><span class='ocrx_word' id='word_1_55' title='bbox 227 1300 264 1364; x_wconf 78' lang='grc' dir='ltr'><strong><em>ἐν</em></strong></span> <span class='ocrx_word' id='word_1_56' title='bbox 279 1300 318 1364; x_wconf 90' lang='grc' dir='ltr'><strong><em>δέ</em></strong></span> <span class='ocrx_word' id='word_1_57' title='bbox 334 1316 400 1365; x_wconf 90' lang='grc' dir='ltr'><strong><em>τισι</em></strong></span> <span class='ocrx_word' id='word_1_58' title='bbox 418 1295 572 1384; x_wconf 90' lang='grc' dir='ltr'><strong><em>χαλκός</em></strong></span> <span class='ocrx_word' id='word_1_59' title='bbox 583 1297 757 1385; x_wconf 76' lang='grc' dir='ltr'><strong><em>γράφεται.</em></strong></span> <span class='ocrx_word' id='word_1_60' title='bbox 781 1293 845 1366; x_wconf 82' lang='grc' dir='ltr'><strong><em>οὐκ</em></strong></span> <span class='ocrx_word' id='word_1_61' title='bbox 861 1293 1048 1383; x_wconf 77' lang='grc' dir='ltr'><strong><em>ιἰρέοκειδλ</em></strong></span> <span class='ocrx_word' id='word_1_62' title='bbox 1061 1294 1273 1391; x_wconf 83' lang='grc' dir='ltr'><strong><em>Ἀριστάρχφ.</em></strong></span> <span class='ocrx_word' id='word_1_63' title='bbox 1294 1301 1336 1363; x_wconf 98' lang='lat' dir='ltr'><strong><em>A.</em></strong></span> 
     </span>
    </p>

    <p class='ocr_par' dir='ltr' id='par_1_6' title="bbox 228 1401 1339 1595">
     <span class='ocr_line' id='line_1_10' title="bbox 313 1401 1339 1495; baseline -0.003 -27"><span class='ocrx_word' id='word_1_64' title='bbox 313 1405 398 1495; x_wconf 88' lang='grc'><strong><em>142.</em></strong></span> <span class='ocrx_word' id='word_1_65' title='bbox 426 1402 577 1468; x_wconf 78' lang='grc' dir='ltr'><strong><em>ἵππων·</em></strong></span> <span class='ocrx_word' id='word_1_66' title='bbox 610 1403 710 1486; x_wconf 75' lang='grc' dir='ltr'><strong><em>διχῶς</em></strong></span> <span class='ocrx_word' id='word_1_67' title='bbox 743 1401 798 1467; x_wconf 83' lang='grc' dir='ltr'><strong><em>καὶ</em></strong></span> <span class='ocrx_word' id='word_1_68' title='bbox 827 1403 936 1468; x_wconf 77' lang='grc' dir='ltr'><strong><em>ἵππω</em></strong></span> <span class='ocrx_word' id='word_1_69' title='bbox 965 1404 1091 1480; x_wconf 76' lang='grc' dir='ltr'><strong><em>δυϊκοίς</em></strong></span> <span class='ocrx_word' id='word_1_70' title='bbox 1112 1401 1167 1468; x_wconf 86' lang='grc' dir='ltr'><strong><em>καλ</em></strong></span> <span class='ocrx_word' id='word_1_71' title='bbox 1196 1404 1339 1489; x_wconf 79' lang='grc' dir='ltr'><strong><em>(ἳππων)</em></strong></span> 
     </span>
     <span class='ocr_line' id='line_1_11' title="bbox 228 1499 1338 1595; baseline -0.003 -24"><span class='ocrx_word' id='word_1_72' title='bbox 228 1508 475 1590; x_wconf 73' lang='grc' dir='ltr'><strong><em>πληθυντικῶς.</em></strong></span> <span class='ocrx_word' id='word_1_73' title='bbox 499 1505 537 1569; x_wconf 79' lang='grc' dir='ltr'><strong><em>ἐν</em></strong></span> <span class='ocrx_word' id='word_1_74' title='bbox 559 1499 597 1570; x_wconf 71' lang='grc' dir='ltr'><strong><em>δὲ</em></strong></span> <span class='ocrx_word' id='word_1_75' title='bbox 617 1510 658 1595; x_wconf 76' lang='grc' dir='ltr'><strong><em>τῇ</em></strong></span> <span class='ocrx_word' id='word_1_76' title='bbox 675 1502 758 1571; x_wconf 81' lang='grc' dir='ltr'><strong><em>κατὰ</em></strong></span> <span class='ocrx_word' id='word_1_77' title='bbox 771 1500 996 1592; x_wconf 88' lang='grc' dir='ltr'><strong><em>Ἀριστοφάνη</em></strong></span> <span class='ocrx_word' id='word_1_78' title='bbox 1011 1503 1124 1591; x_wconf 82' lang='grc' dir='ltr'><strong><em>μόνως</em></strong></span> <span class='ocrx_word' id='word_1_79' title='bbox 1138 1508 1272 1583; x_wconf 74' lang='grc' dir='ltr'><strong><em>δυτκοῐς.</em></strong></span> <span class='ocrx_word' id='word_1_80' title='bbox 1296 1506 1338 1568; x_wconf 90' lang='lat' dir='ltr'><strong><em>A.</em></strong></span> 
     </span>
    </p>

    <p class='ocr_par' dir='ltr' id='par_1_7' title="bbox 226 1601 1338 1776">
     <span class='ocr_line' id='line_1_12' title="bbox 315 1601 1338 1694; baseline 0 -24"><span class='ocrx_word' id='word_1_81' title='bbox 315 1610 384 1672; x_wconf 90' lang='grc'><strong><em>148.</em></strong></span> <span class='ocrx_word' id='word_1_82' title='bbox 424 1601 532 1684; x_wconf 78' lang='grc' dir='ltr'><strong><em>οὕτως</em></strong></span> <span class='ocrx_word' id='word_1_83' title='bbox 559 1601 770 1692; x_wconf 85' lang='grc' dir='ltr'><strong><em>Ἀρίσταρχος</em></strong></span> <span class='ocrx_word' id='word_1_84' title='bbox 796 1607 968 1694; x_wconf 78' lang='grc' dir='ltr'><strong><em>όίγησεν</em></strong></span> <span class='ocrx_word' id='word_1_85' title='bbox 996 1602 1032 1675; x_wconf 78' lang='grc' dir='ltr'><strong><em>δ’</em></strong></span> <span class='ocrx_word' id='word_1_86' title='bbox 1058 1603 1119 1692; x_wconf 76' lang='grc' dir='ltr'><strong><em>ἄρ’</em></strong></span> <span class='ocrx_word' id='word_1_87' title='bbox 1139 1602 1196 1673; x_wconf 80' lang='grc' dir='ltr'><strong><em>διὰ</em></strong></span> <span class='ocrx_word' id='word_1_88' title='bbox 1222 1607 1338 1688; x_wconf 83' lang='grc' dir='ltr'><strong><em>τοῦδ,</em></strong></span> 
     </span>
     <span class='ocr_line' id='line_1_13' title="bbox 226 1705 549 1776; baseline -0.006 0"><span class='ocrx_word' id='word_1_89' title='bbox 226 1705 268 1776; x_wconf 85' lang='grc' dir='ltr'><strong><em>οὐ</em></strong></span> <span class='ocrx_word' id='word_1_90' title='bbox 287 1705 343 1776; x_wconf 82' lang='grc' dir='ltr'><strong><em>διὰ</em></strong></span> <span class='ocrx_word' id='word_1_91' title='bbox 366 1712 427 1775; x_wconf 84' lang='grc' dir='ltr'><strong><em>τοῦ</em></strong></span> <span class='ocrx_word' id='word_1_92' title='bbox 449 1733 477 1774; x_wconf 90' lang='grc' dir='ltr'><strong><em>τ.</em></strong></span> <span class='ocrx_word' id='word_1_93' title='bbox 508 1712 549 1774; x_wconf 91' lang='lat' dir='ltr'><strong><em>A.</em></strong></span> 
     </span>
    </p>

    <p class='ocr_par' dir='ltr' id='par_1_8' title="bbox 226 1805 1340 2098">
     <span class='ocr_line' id='line_1_14' title="bbox 315 1805 1340 1899; baseline -0.004 -22"><span class='ocrx_word' id='word_1_94' title='bbox 315 1818 384 1877; x_wconf 87' lang='grc'><strong><em>170.</em></strong></span> <span class='ocrx_word' id='word_1_95' title='bbox 412 1822 582 1898; x_wconf 82' lang='grc' dir='ltr'><strong><em>μοῖραν·</em></strong></span> <span class='ocrx_word' id='word_1_96' title='bbox 606 1808 681 1898; x_wconf 88' lang='grc' dir='ltr'><strong><em>[ότι]</em></strong></span> <span class='ocrx_word' id='word_1_97' title='bbox 706 1810 863 1899; x_wconf 82' lang='grc' dir='ltr'><strong><em>πότμον</em></strong></span> <span class='ocrx_word' id='word_1_98' title='bbox 885 1814 923 1879; x_wconf 88' lang='grc' dir='ltr'><strong><em>αί</em></strong></span> <span class='ocrx_word' id='word_1_99' title='bbox 936 1808 1165 1898; x_wconf 88' lang='grc' dir='ltr'><strong><em>Ἀριστάρχου,</em></strong></span> <span class='ocrx_word' id='word_1_100' title='bbox 1188 1805 1230 1875; x_wconf 82' lang='grc' dir='ltr'><strong><em>οὐ</em></strong></span> <span class='ocrx_word' id='word_1_101' title='bbox 1252 1819 1340 1895; x_wconf 75' lang='grc' dir='ltr'><strong><em>μοῖ-</em></strong></span> 
     </span>
     <span class='ocr_line' id='line_1_15' title="bbox 227 1906 1338 2000; baseline -0.003 -21"><span class='ocrx_word' id='word_1_102' title='bbox 227 1939 319 1999; x_wconf 92' lang='grc' dir='ltr'><strong><em>ραν,</em></strong></span> <span class='ocrx_word' id='word_1_103' title='bbox 339 1906 385 1991; x_wconf 76' lang='grc' dir='ltr'><strong><em>ὡς</em></strong></span> <span class='ocrx_word' id='word_1_104' title='bbox 406 1912 444 1979; x_wconf 87' lang='grc' dir='ltr'><strong><em>έν</em></strong></span> <span class='ocrx_word' id='word_1_105' title='bbox 465 1920 536 1994; x_wconf 83' lang='grc' dir='ltr'><strong><em>ταίς</em></strong></span> <span class='ocrx_word' id='word_1_106' title='bbox 551 1927 691 1994; x_wconf 77' lang='grc' dir='ltr'><strong><em>κοιναῖς.</em></strong></span> <span class='ocrx_word' id='word_1_107' title='bbox 713 1921 754 1982; x_wconf 93' lang='lat' dir='ltr'><strong><em>A.</em></strong></span> <span class='ocrx_word' id='word_1_108' title='bbox 778 1916 984 1982; x_wconf 82' lang='lat' dir='ltr'>Vocabulum</span> <span class='ocrx_word' id='word_1_109' title='bbox 1004 1909 1067 1997; x_wconf 86' lang='grc' dir='ltr'><strong><em>ότι,</em></strong></span> <span class='ocrx_word' id='word_1_110' title='bbox 1088 1913 1175 2000; x_wconf 87' lang='lat' dir='ltr'>quod</span> <span class='ocrx_word' id='word_1_111' title='bbox 1193 1913 1338 1994; x_wconf 80' lang='lat' dir='ltr'>offendit,</span> 
     </span>
     <span class='ocr_line' id='line_1_16' title="bbox 226 2015 1151 2098; baseline -0.001 -15"><span class='ocrx_word' id='word_1_112' title='bbox 226 2021 318 2083; x_wconf 86' lang='lat' dir='ltr'><strong>uncis</strong></span> <span class='ocrx_word' id='word_1_113' title='bbox 342 2016 470 2082; x_wconf 80' lang='lat' dir='ltr'><strong>inclusi.</strong></span> <span class='ocrx_word' id='word_1_114' title='bbox 515 2017 669 2083; x_wconf 78' lang='lat' dir='ltr'><strong>Fortasse</strong></span> <span class='ocrx_word' id='word_1_115' title='bbox 694 2015 802 2098; x_wconf 75' lang='grc' dir='ltr'><strong><em>οὕτως</em></strong></span> <span class='ocrx_word' id='word_1_116' title='bbox 824 2018 1070 2084; x_wconf 83' lang='lat' dir='ltr'><strong>rescribendum</strong></span> <span class='ocrx_word' id='word_1_117' title='bbox 1092 2027 1151 2082; x_wconf 78' lang='lat' dir='ltr'><strong>est.</strong></span> 
     </span>
    </p>

    <p class='ocr_par' dir='ltr' id='par_1_9' title="bbox 224 2115 1339 2288">
     <span class='ocr_line' id='line_1_17' title="bbox 313 2115 1339 2205; baseline 0 -25"><span class='ocrx_word' id='word_1_118' title='bbox 313 2122 383 2182; x_wconf 82' lang='grc'><strong><em>171..</em></strong></span> <span class='ocrx_word' id='word_1_119' title='bbox 425 2117 665 2204; x_wconf 80' lang='grc' dir='ltr'><strong><em>ἐλέγχιστος</em></strong></span> <span class='ocrx_word' id='word_1_120' title='bbox 697 2123 797 2204; x_wconf 76' lang='grc' dir='ltr'><strong><em>διχῶς</em></strong></span> <span class='ocrx_word' id='word_1_121' title='bbox 825 2115 1054 2205; x_wconf 84' lang='grc' dir='ltr'><strong><em>Ἀρίσταρχος,</em></strong></span> <span class='ocrx_word' id='word_1_122' title='bbox 1089 2119 1144 2185; x_wconf 79' lang='grc' dir='ltr'><strong><em>καί</em></strong></span> <span class='ocrx_word' id='word_1_123' title='bbox 1175 2116 1339 2201; x_wconf 75' lang='grc' dir='ltr'><strong><em>ἐλέγχι-</em></strong></span> 
     </span>
     <span class='ocr_line' id='line_1_18' title="bbox 224 2222 399 2288; baseline -0.006 0"><span class='ocrx_word' id='word_1_124' title='bbox 224 2239 335 2288; x_wconf 90' lang='grc' dir='ltr'><strong><em>στον.</em></strong></span> <span class='ocrx_word' id='word_1_125' title='bbox 356 2222 399 2287; x_wconf 88' lang='lat' dir='ltr'><strong><em>A.</em></strong></span> 
     </span>
    </p>

    <p class='ocr_par' dir='ltr' id='par_1_10' title="bbox 228 2315 1337 2504">
     <span class='ocr_line' id='line_1_19' title="bbox 312 2315 1337 2410; baseline -0.003 -22"><span class='ocrx_word' id='word_1_126' title='bbox 312 2326 382 2390; x_wconf 84' lang='lat'><strong>184.</strong></span> <span class='ocrx_word' id='word_1_127' title='bbox 413 2324 517 2408; x_wconf 84' lang='grc' dir='ltr'><strong><em>μηδέ</em></strong></span> <span class='ocrx_word' id='word_1_128' title='bbox 535 2326 575 2389; x_wconf 89' lang='grc' dir='ltr'><strong><em>τί</em></strong></span> <span class='ocrx_word' id='word_1_129' title='bbox 595 2346 669 2390; x_wconf 83' lang='grc' dir='ltr'><strong><em>πω·</em></strong></span> <span class='ocrx_word' id='word_1_130' title='bbox 692 2319 801 2401; x_wconf 81' lang='grc' dir='ltr'><strong><em>οὕτως</em></strong></span> <span class='ocrx_word' id='word_1_131' title='bbox 823 2346 894 2402; x_wconf 84' lang='grc' dir='ltr'><strong><em>πως</em></strong></span> <span class='ocrx_word' id='word_1_132' title='bbox 909 2325 1136 2410; x_wconf 82' lang='grc' dir='ltr'><strong><em>Ἀρίσταρχος,</em></strong></span> <span class='ocrx_word' id='word_1_133' title='bbox 1159 2315 1235 2404; x_wconf 83' lang='grc' dir='ltr'><strong><em>οόχλ</em></strong></span> <span class='ocrx_word' id='word_1_134' title='bbox 1257 2342 1337 2401; x_wconf 78' lang='grc' dir='ltr'><strong><em>που,</em></strong></span> 
     </span>
     <span class='ocr_line' id='line_1_20' title="bbox 228 2424 459 2504; baseline 0.009 -13"><span class='ocrx_word' id='word_1_135' title='bbox 228 2424 274 2504; x_wconf 75' lang='grc' dir='ltr'><strong><em>ὥς</em></strong></span> <span class='ocrx_word' id='word_1_136' title='bbox 295 2450 393 2504; x_wconf 90' lang='grc' dir='ltr'><strong><em>τινες.</em></strong></span> <span class='ocrx_word' id='word_1_137' title='bbox 415 2427 459 2493; x_wconf 91' lang='lat' dir='ltr'><strong><em>A.</em></strong></span> 
     </span>
    </p>

    <p class='ocr_par' dir='ltr' id='par_1_11' title="bbox 225 2521 1336 2719">
     <span class='ocr_line' id='line_1_21' title="bbox 310 2521 1336 2615; baseline -0.003 -23"><span class='ocrx_word' id='word_1_138' title='bbox 310 2532 384 2594; x_wconf 87' lang='grc'><strong><em>265.</em></strong></span> <span class='ocrx_word' id='word_1_139' title='bbox 420 2521 529 2607; x_wconf 80' lang='grc' dir='ltr'><strong><em>οὕτως</em></strong></span> <span class='ocrx_word' id='word_1_140' title='bbox 550 2525 587 2595; x_wconf 78' lang='grc' dir='ltr'><strong><em>δὲ</em></strong></span> <span class='ocrx_word' id='word_1_141' title='bbox 606 2523 816 2612; x_wconf 83' lang='grc' dir='ltr'><strong><em>Ἀρίσταρχος</em></strong></span> <span class='ocrx_word' id='word_1_142' title='bbox 837 2527 938 2613; x_wconf 84' lang='grc' dir='ltr'><strong><em>χωρὶς</em></strong></span> <span class='ocrx_word' id='word_1_143' title='bbox 957 2533 1020 2595; x_wconf 81' lang='grc' dir='ltr'><strong><em>τοῦ</em></strong></span> <span class='ocrx_word' id='word_1_144' title='bbox 1041 2547 1063 2593; x_wconf 89' lang='grc' dir='ltr'><strong><em>σ</em></strong></span> <span class='ocrx_word' id='word_1_145' title='bbox 1087 2529 1164 2615; x_wconf 83' lang='grc' dir='ltr'><strong><em>ίδη.</em></strong></span> <span class='ocrx_word' id='word_1_146' title='bbox 1196 2529 1237 2592; x_wconf 88' lang='grc' dir='ltr'><strong><em>Α.</em></strong></span> <span class='ocrx_word' id='word_1_147' title='bbox 1283 2526 1336 2590; x_wconf 83' lang='lat' dir='ltr'><strong><em>Cf.</em></strong></span> 
     </span>
     <span class='ocr_line' id='line_1_22' title="bbox 225 2631 666 2719; baseline -0.005 -23"><span class='ocrx_word' id='word_1_148' title='bbox 225 2631 435 2698; x_wconf 79' lang='lat' dir='ltr'><strong>Friedlaend.</strong></span> <span class='ocrx_word' id='word_1_149' title='bbox 457 2634 561 2698; x_wconf 77' lang='lat' dir='ltr'><strong>Arist.</strong></span> <span class='ocrx_word' id='word_1_150' title='bbox 583 2654 616 2719; x_wconf 88' lang='lat' dir='ltr'><strong><em>p.</em></strong></span> <span class='ocrx_word' id='word_1_151' title='bbox 637 2633 666 2694; x_wconf 83' lang='lat'><strong><em>2.</em></strong></span> 
     </span>
    </p>

    <p class='ocr_par' dir='ltr' id='par_1_12' title="bbox 310 2724 1336 2817">
     <span class='ocr_line' id='line_1_23' title="bbox 310 2724 1336 2817; baseline -0.005 -20"><span class='ocrx_word' id='word_1_152' title='bbox 310 2737 382 2800; x_wconf 92' lang='grc'><strong><em>213.</em></strong></span> <span class='ocrx_word' id='word_1_153' title='bbox 399 2725 877 2817; x_wconf 72' lang='grc' dir='ltr'><strong><em>είλκενἈρίσταρχοςἸακοὶς</em></strong></span> <span class='ocrx_word' id='word_1_154' title='bbox 889 2732 1011 2798; x_wconf 82' lang='grc' dir='ltr'><strong><em>ἕλκεν</em></strong></span> <span class='ocrx_word' id='word_1_155' title='bbox 1023 2732 1078 2798; x_wconf 79' lang='grc' dir='ltr'><strong><em>καί</em></strong></span> <span class='ocrx_word' id='word_1_156' title='bbox 1088 2732 1126 2797; x_wconf 88' lang='grc' dir='ltr'><strong><em>αί</em></strong></span> <span class='ocrx_word' id='word_1_157' title='bbox 1134 2724 1280 2807; x_wconf 86' lang='grc' dir='ltr'><strong><em>πλείους.</em></strong></span> <span class='ocrx_word' id='word_1_158' title='bbox 1294 2731 1336 2794; x_wconf 92' lang='grc' dir='ltr'><strong><em>Α.</em></strong></span> 
     </span>
    </p>

    <p class='ocr_par' dir='ltr' id='par_1_13' title="bbox 311 2825 1293 2922">
     <span class='ocr_line' id='line_1_24' title="bbox 311 2825 1293 2922; baseline -0.004 -22"><span class='ocrx_word' id='word_1_159' title='bbox 311 2838 384 2902; x_wconf 88' lang='grc'><strong><em>238.</em></strong></span> <span class='ocrx_word' id='word_1_160' title='bbox 417 2830 535 2922; x_wconf 70' lang='grc' dir='ltr'><strong><em>ἡμεῖς</em></strong></span> <span class='ocrx_word' id='word_1_161' title='bbox 556 2830 589 2900; x_wconf 90' lang='grc' dir='ltr'><strong><em>δ’</em></strong></span> <span class='ocrx_word' id='word_1_162' title='bbox 615 2825 722 2901; x_wconf 78' lang='grc' dir='ltr'><strong><em>αὖτ’·</em></strong></span> <span class='ocrx_word' id='word_1_163' title='bbox 743 2830 954 2920; x_wconf 87' lang='grc' dir='ltr'><strong><em>Ἀρίσταρχος</em></strong></span> <span class='ocrx_word' id='word_1_164' title='bbox 974 2833 1074 2919; x_wconf 81' lang='grc' dir='ltr'><strong><em>χωρὶς</em></strong></span> <span class='ocrx_word' id='word_1_165' title='bbox 1095 2834 1230 2900; x_wconf 86' lang='grc' dir='ltr'><strong><em>τοῦδέ.</em></strong></span> <span class='ocrx_word' id='word_1_166' title='bbox 1251 2834 1293 2897; x_wconf 92' lang='grc' dir='ltr'><strong><em>Α.</em></strong></span> 
     </span>
    </p>

    <p class='ocr_par' dir='ltr' id='par_1_14' title="bbox 226 2930 1338 3124">
     <span class='ocr_line' id='line_1_25' title="bbox 311 2930 1338 3023; baseline -0.001 -22"><span class='ocrx_word' id='word_1_167' title='bbox 311 2940 384 3003; x_wconf 91' lang='grc'><strong><em>245.</em></strong></span> <span class='ocrx_word' id='word_1_168' title='bbox 408 2937 486 3021; x_wconf 78' lang='grc' dir='ltr'><strong><em>ἄρα</em></strong></span> <span class='ocrx_word' id='word_1_169' title='bbox 506 2940 566 3016; x_wconf 90' lang='grc' dir='ltr'><strong><em>τίς</em></strong></span> <span class='ocrx_word' id='word_1_170' title='bbox 589 2953 679 3022; x_wconf 86' lang='grc' dir='ltr'><strong><em>σφι·</em></strong></span> <span class='ocrx_word' id='word_1_171' title='bbox 698 2931 807 3017; x_wconf 77' lang='grc' dir='ltr'><strong><em>οὕτως</em></strong></span> <span class='ocrx_word' id='word_1_172' title='bbox 818 2933 1030 3023; x_wconf 87' lang='grc' dir='ltr'><strong><em>Ἀρίσταρχος</em></strong></span> <span class='ocrx_word' id='word_1_173' title='bbox 1051 2930 1133 3022; x_wconf 80' lang='grc' dir='ltr'><strong><em>μετὰ</em></strong></span> <span class='ocrx_word' id='word_1_174' title='bbox 1147 2938 1210 3002; x_wconf 80' lang='grc' dir='ltr'><strong><em>τοῦ</em></strong></span> <span class='ocrx_word' id='word_1_175' title='bbox 1226 2953 1256 3019; x_wconf 83' lang='grc' dir='ltr'><strong><em>σ,</em></strong></span> <span class='ocrx_word' id='word_1_176' title='bbox 1277 2939 1338 3011; x_wconf 89' lang='grc' dir='ltr'><strong><em>τίς</em></strong></span> 
     </span>
     <span class='ocr_line' id='line_1_26' title="bbox 226 3043 382 3124; baseline 0.013 -20"><span class='ocrx_word' id='word_1_177' title='bbox 226 3057 308 3124; x_wconf 88' lang='grc' dir='ltr'><strong><em>σφι.</em></strong></span> <span class='ocrx_word' id='word_1_178' title='bbox 340 3043 382 3106; x_wconf 92' lang='lat' dir='ltr'><strong><em>A.</em></strong></span> 
     </span>
    </p>

    <p class='ocr_par' dir='ltr' id='par_1_15' title="bbox 226 3135 1338 3329">
     <span class='ocr_line' id='line_1_27' title="bbox 312 3135 1338 3226; baseline -0.002 -21"><span class='ocrx_word' id='word_1_179' title='bbox 312 3144 384 3208; x_wconf 83' lang='lat'><strong>277.</strong></span> <span class='ocrx_word' id='word_1_180' title='bbox 397 3135 608 3226; x_wconf 87' lang='grc' dir='ltr'><strong><em>Ἀρίσταρχος</em></strong></span> <span class='ocrx_word' id='word_1_181' title='bbox 622 3142 749 3210; x_wconf 79' lang='grc' dir='ltr'><strong><em>ἐόντι.</em></strong></span> <span class='ocrx_word' id='word_1_182' title='bbox 765 3146 807 3210; x_wconf 92' lang='grc' dir='ltr'><strong><em>Α.</em></strong></span> <span class='ocrx_word' id='word_1_183' title='bbox 830 3143 868 3211; x_wconf 88' lang='grc' dir='ltr'><strong><em>τό</em></strong></span> <span class='ocrx_word' id='word_1_184' title='bbox 882 3142 919 3209; x_wconf 77' lang='grc' dir='ltr'><strong><em>δὲ</em></strong></span> <span class='ocrx_word' id='word_1_185' title='bbox 935 3145 949 3207; x_wconf 91' lang='grc' dir='ltr'><strong><em>ί</em></strong></span> <span class='ocrx_word' id='word_1_186' title='bbox 954 3139 974 3207; x_wconf 94' lang='grc' dir='ltr'><strong><em>ό</em></strong></span> <span class='ocrx_word' id='word_1_187' title='bbox 980 3164 1046 3206; x_wconf 91' lang='grc' dir='ltr'><strong><em>ντι</em></strong></span> <span class='ocrx_word' id='word_1_188' title='bbox 1056 3136 1267 3224; x_wconf 89' lang='grc' dir='ltr'><strong><em>Ἀρίσταρχος</em></strong></span> <span class='ocrx_word' id='word_1_189' title='bbox 1281 3135 1338 3204; x_wconf 81' lang='grc' dir='ltr'><strong><em>διὰ</em></strong></span> 
     </span>
     <span class='ocr_line' id='line_1_28' title="bbox 226 3241 1337 3329; baseline -0.002 -21"><span class='ocrx_word' id='word_1_190' title='bbox 226 3247 287 3309; x_wconf 86' lang='grc' dir='ltr'><strong><em>τοῦ</em></strong></span> <span class='ocrx_word' id='word_1_191' title='bbox 303 3266 330 3328; x_wconf 82' lang='grc' dir='ltr'><strong><em>ε,</em></strong></span> <span class='ocrx_word' id='word_1_192' title='bbox 350 3241 539 3328; x_wconf 70' lang='grc' dir='ltr'><strong><em>Ζηνόδοτος</em></strong></span> <span class='ocrx_word' id='word_1_193' title='bbox 561 3241 618 3310; x_wconf 81' lang='grc' dir='ltr'><strong><em>διὰ</em></strong></span> <span class='ocrx_word' id='word_1_194' title='bbox 639 3250 702 3312; x_wconf 78' lang='grc' dir='ltr'><strong><em>τοῦ</em></strong></span> <span class='ocrx_word' id='word_1_195' title='bbox 722 3273 744 3313; x_wconf 93' lang='grc' dir='ltr'><strong><em>ι.</em></strong></span> <span class='ocrx_word' id='word_1_196' title='bbox 767 3247 844 3312; x_wconf 91' lang='lat' dir='ltr'><strong><em>AD.</em></strong></span> <span class='ocrx_word' id='word_1_197' title='bbox 868 3242 1182 3310; x_wconf 78' lang='lat' dir='ltr'><strong>Duentzer.Zenod.</strong></span> <span class='ocrx_word' id='word_1_198' title='bbox 1198 3247 1276 3329; x_wconf 79' lang='lat' dir='ltr'><strong>p.4,·</strong></span> <span class='ocrx_word' id='word_1_199' title='bbox 1289 3246 1337 3306; x_wconf 91' lang='grc'><strong><em>16.</em></strong></span> 
     </span>
    </p>

    <p class='ocr_par' dir='ltr' id='par_1_16' title="bbox 165 3336 1340 3534">
     <span class='ocr_line' id='line_1_29' title="bbox 312 3336 1338 3435; baseline -0.003 -25"><span class='ocrx_word' id='word_1_200' title='bbox 312 3348 384 3411; x_wconf 90' lang='grc'><strong><em>299.</em></strong></span> <span class='ocrx_word' id='word_1_201' title='bbox 428 3348 623 3412; x_wconf 78' lang='grc' dir='ltr'><strong><em>ἔλασσεν·</em></strong></span> <span class='ocrx_word' id='word_1_202' title='bbox 657 3343 766 3427; x_wconf 81' lang='grc' dir='ltr'><strong><em>οὕτως</em></strong></span> <span class='ocrx_word' id='word_1_203' title='bbox 785 3343 995 3435; x_wconf 88' lang='grc' dir='ltr'><strong><em>Ἀρίσταρχος</em></strong></span> <span class='ocrx_word' id='word_1_204' title='bbox 1018 3347 1215 3411; x_wconf 78' lang='grc' dir='ltr'><strong><em>ἔλασσεν·</em></strong></span> <span class='ocrx_word' id='word_1_205' title='bbox 1243 3336 1338 3409; x_wconf 74' lang='grc' dir='ltr'><strong><em>ἄλλοι</em></strong></span> 
     </span>
     <span class='ocr_line' id='line_1_30' title="bbox 165 3447 1340 3534; baseline -0.003 -20"><span class='ocrx_word' id='word_1_206' title='bbox 165 3461 174 3475; x_wconf 82' lang='grc'>’</span> <span class='ocrx_word' id='word_1_207' title='bbox 225 3449 262 3514; x_wconf 74' lang='grc' dir='ltr'><strong><em>δὲ</em></strong></span> <span class='ocrx_word' id='word_1_208' title='bbox 285 3447 444 3534; x_wconf 80' lang='grc' dir='ltr'><strong><em>ἓεργεν.</em></strong></span> <span class='ocrx_word' id='word_1_209' title='bbox 467 3451 508 3513; x_wconf 92' lang='lat' dir='ltr'><strong><em>A.</em></strong></span> <span class='ocrx_word' id='word_1_210' title='bbox 1333 3452 1340 3461; x_wconf 73' lang='grc'><em>“</em></span> 
     </span>
    </p>

    <p class='ocr_par' dir='ltr' id='par_1_17' title="bbox 311 3545 1150 3637">
     <span class='ocr_line' id='line_1_31' title="bbox 311 3545 1150 3637; baseline -0.007 -19"><span class='ocrx_word' id='word_1_211' title='bbox 311 3554 385 3618; x_wconf 90' lang='grc'><strong><em>329.</em></strong></span> <span class='ocrx_word' id='word_1_212' title='bbox 416 3545 525 3630; x_wconf 79' lang='grc' dir='ltr'><strong><em>οὕτως</em></strong></span> <span class='ocrx_word' id='word_1_213' title='bbox 544 3546 755 3637; x_wconf 87' lang='grc' dir='ltr'><strong><em>Ἀρίσταρχος</em></strong></span> <span class='ocrx_word' id='word_1_214' title='bbox 772 3547 884 3630; x_wconf 76' lang='grc' dir='ltr'><strong><em>Ἰακός</em></strong></span> <span class='ocrx_word' id='word_1_215' title='bbox 906 3546 1085 3634; x_wconf 82' lang='grc' dir='ltr'><strong><em>ἑστήκει.</em></strong></span> <span class='ocrx_word' id='word_1_216' title='bbox 1107 3549 1150 3613; x_wconf 92' lang='grc' dir='ltr'><strong><em>Α.</em></strong></span> 
     </span>
    </p>

    <p class='ocr_par' dir='ltr' id='par_1_18' title="bbox 311 3645 1337 3739">
     <span class='ocr_line' id='line_1_32' title="bbox 311 3645 1337 3739; baseline -0.009 -20"><span class='ocrx_word' id='word_1_217' title='bbox 311 3657 385 3719; x_wconf 88' lang='grc'><strong><em>333.</em></strong></span> <span class='ocrx_word' id='word_1_218' title='bbox 406 3650 617 3739; x_wconf 87' lang='grc' dir='ltr'><strong><em>Ἀρίσταρχος</em></strong></span> <span class='ocrx_word' id='word_1_219' title='bbox 632 3656 732 3738; x_wconf 79' lang='grc' dir='ltr'><strong><em>χωρίς</em></strong></span> <span class='ocrx_word' id='word_1_220' title='bbox 743 3659 843 3720; x_wconf 82' lang='grc' dir='ltr'><strong><em>τοῦθ</em></strong></span> <span class='ocrx_word' id='word_1_221' title='bbox 858 3650 1010 3739; x_wconf 84' lang='grc' dir='ltr'><strong><em>Τράων</em></strong></span> <span class='ocrx_word' id='word_1_222' title='bbox 1022 3645 1282 3733; x_wconf 75' lang='grc' dir='ltr'><strong><em>ἱπποδάμων.</em></strong></span> <span class='ocrx_word' id='word_1_223' title='bbox 1297 3648 1337 3712; x_wconf 89' lang='lat' dir='ltr'><strong><em>A.</em></strong></span> 
     </span>
    </p>

    <p class='ocr_par' dir='ltr' id='par_1_19' title="bbox 312 3751 1151 3841">
     <span class='ocr_line' id='line_1_33' title="bbox 312 3751 1151 3841; baseline -0.008 -18"><span class='ocrx_word' id='word_1_224' title='bbox 312 3761 385 3823; x_wconf 88' lang='grc'><strong><em>367.</em></strong></span> <span class='ocrx_word' id='word_1_225' title='bbox 416 3754 526 3836; x_wconf 83' lang='grc' dir='ltr'><strong><em>οὕτως</em></strong></span> <span class='ocrx_word' id='word_1_226' title='bbox 548 3754 717 3841; x_wconf 79' lang='grc' dir='ltr'><strong><em>ἑστήκει</em></strong></span> <span class='ocrx_word' id='word_1_227' title='bbox 737 3753 847 3833; x_wconf 66' lang='lat' dir='ltr'><strong><em>&#39;lanais</em></strong></span> <span class='ocrx_word' id='word_1_228' title='bbox 867 3751 1089 3839; x_wconf 87' lang='grc' dir='ltr'><strong><em>Ἀρίσταρχος.</em></strong></span> <span class='ocrx_word' id='word_1_229' title='bbox 1110 3755 1151 3817; x_wconf 93' lang='lat' dir='ltr'><strong><em>A.</em></strong></span> 
     </span>
    </p>

    <p class='ocr_par' dir='ltr' id='par_1_20' title="bbox 226 3846 1338 4047">
     <span class='ocr_line' id='line_1_34' title="bbox 310 3846 1338 3950; baseline -0.008 -27"><span class='ocrx_word' id='word_1_230' title='bbox 310 3864 384 3924; x_wconf 88' lang='grc'><strong><em>400.</em></strong></span> <span class='ocrx_word' id='word_1_231' title='bbox 406 3856 474 3926; x_wconf 82' lang='grc' dir='ltr'><strong><em>σόν</em></strong></span> <span class='ocrx_word' id='word_1_232' title='bbox 494 3863 540 3950; x_wconf 74' lang='grc' dir='ltr'><strong><em>τῷ</em></strong></span> <span class='ocrx_word' id='word_1_233' title='bbox 559 3884 580 3925; x_wconf 96' lang='grc' dir='ltr'><strong><em>ν</em></strong></span> <span class='ocrx_word' id='word_1_234' title='bbox 601 3853 785 3945; x_wconf 82' lang='grc' dir='ltr'><strong><em>άμείνιυν</em></strong></span> <span class='ocrx_word' id='word_1_235' title='bbox 803 3852 1026 3941; x_wconf 89' lang='grc' dir='ltr'><strong><em>Ἀρίσταρχος,</em></strong></span> <span class='ocrx_word' id='word_1_236' title='bbox 1048 3857 1106 3921; x_wconf 77' lang='grc' dir='ltr'><strong><em>ἵνα</em></strong></span> <span class='ocrx_word' id='word_1_237' title='bbox 1130 3846 1213 3920; x_wconf 76' lang='grc' dir='ltr'><strong><em>καθ’</em></strong></span> <span class='ocrx_word' id='word_1_238' title='bbox 1240 3849 1338 3916; x_wconf 85' lang='grc' dir='ltr'><strong><em>έαντό</em></strong></span> 
     </span>
     <span class='ocr_line' id='line_1_35' title="bbox 226 3961 701 4047; baseline -0.004 -19"><span class='ocrx_word' id='word_1_239' title='bbox 226 3962 360 4047; x_wconf 80' lang='grc' dir='ltr'><strong><em>λέγηται</em></strong></span> <span class='ocrx_word' id='word_1_240' title='bbox 383 3961 637 4047; x_wconf 77' lang='grc' dir='ltr'><strong><em>ίπιπληκτικῶς.</em></strong></span> <span class='ocrx_word' id='word_1_241' title='bbox 659 3962 701 4026; x_wconf 94' lang='lat' dir='ltr'><strong><em>A.</em></strong></span> 
     </span>
    </p>

    <p class='ocr_par' dir='ltr' id='par_1_21' title="bbox 311 4058 1080 4148">
     <span class='ocr_line' id='line_1_36' title="bbox 311 4058 1080 4148; baseline -0.005 -19"><span class='ocrx_word' id='word_1_242' title='bbox 311 4067 384 4132; x_wconf 89' lang='grc'><strong><em>426.</em></strong></span> <span class='ocrx_word' id='word_1_243' title='bbox 409 4061 496 4130; x_wconf 85' lang='grc' dir='ltr'><strong><em>ίόν·</em></strong></span> <span class='ocrx_word' id='word_1_244' title='bbox 516 4060 728 4148; x_wconf 88' lang='grc' dir='ltr'><strong><em>Ἀρίσταρχος</em></strong></span> <span class='ocrx_word' id='word_1_245' title='bbox 747 4058 803 4129; x_wconf 79' lang='grc' dir='ltr'><strong><em>διὰ</em></strong></span> <span class='ocrx_word' id='word_1_246' title='bbox 825 4065 887 4127; x_wconf 81' lang='grc' dir='ltr'><strong><em>τοῦ</em></strong></span> <span class='ocrx_word' id='word_1_247' title='bbox 907 4088 919 4127; x_wconf 96' lang='grc' dir='ltr'><strong><em>ι</em></strong></span> <span class='ocrx_word' id='word_1_248' title='bbox 939 4058 977 4127; x_wconf 88' lang='grc' dir='ltr'><strong><em>ίό</em></strong></span> <span class='ocrx_word' id='word_1_249' title='bbox 985 4084 1016 4126; x_wconf 91' lang='grc' dir='ltr'><strong><em>ν.</em></strong></span> <span class='ocrx_word' id='word_1_250' title='bbox 1039 4062 1080 4125; x_wconf 91' lang='lat' dir='ltr'><strong><em>A.</em></strong></span> 
     </span>
    </p>

    <p class='ocr_par' dir='ltr' id='par_1_22' title="bbox 226 4156 1339 4350">
     <span class='ocr_line' id='line_1_37' title="bbox 310 4156 1339 4250; baseline -0.008 -21"><span class='ocrx_word' id='word_1_251' title='bbox 310 4169 384 4232; x_wconf 91' lang='grc'><strong><em>456.</em></strong></span> <span class='ocrx_word' id='word_1_252' title='bbox 417 4163 551 4250; x_wconf 82' lang='grc' dir='ltr'><strong><em>φόβος</em></strong></span> <span class='ocrx_word' id='word_1_253' title='bbox 573 4159 784 4250; x_wconf 88' lang='grc' dir='ltr'><strong><em>Ἀρίσταρχος</em></strong></span> <span class='ocrx_word' id='word_1_254' title='bbox 812 4161 863 4230; x_wconf 84' lang='grc' dir='ltr'><strong><em>πό</em></strong></span> <span class='ocrx_word' id='word_1_255' title='bbox 872 4187 957 4240; x_wconf 90' lang='grc' dir='ltr'><strong><em>νος·</em></strong></span> <span class='ocrx_word' id='word_1_256' title='bbox 992 4156 1034 4227; x_wconf 85' lang='grc' dir='ltr'><strong><em>οό</em></strong></span> <span class='ocrx_word' id='word_1_257' title='bbox 1061 4157 1125 4245; x_wconf 78' lang='grc' dir='ltr'><strong><em>γάρ</em></strong></span> <span class='ocrx_word' id='word_1_258' title='bbox 1150 4158 1271 4245; x_wconf 85' lang='grc' dir='ltr'><strong><em>γέγονέ</em></strong></span> <span class='ocrx_word' id='word_1_259' title='bbox 1287 4179 1339 4223; x_wconf 83' lang='grc' dir='ltr'><strong><em>πω</em></strong></span> 
     </span>
     <span class='ocr_line' id='line_1_38' title="bbox 226 4264 394 4350; baseline 0.012 -2"><span class='ocrx_word' id='word_1_260' title='bbox 226 4264 330 4350; x_wconf 75' lang='grc' dir='ltr'><strong><em>νυνί·</em></strong></span> <span class='ocrx_word' id='word_1_261' title='bbox 351 4268 394 4333; x_wconf 81' lang='lat' dir='ltr'><strong><em>A.</em></strong></span> 
     </span>
    </p>

    <p class='ocr_par' dir='ltr' id='par_1_23' title="bbox 307 4359 1139 4453">
     <span class='ocr_line' id='line_1_39' title="bbox 307 4359 1139 4453; baseline -0.002 -22"><span class='ocrx_word' id='word_1_262' title='bbox 307 4372 379 4434; x_wconf 84' lang='grc'><strong><em>517.</em></strong></span> <span class='ocrx_word' id='word_1_263' title='bbox 399 4364 610 4453; x_wconf 87' lang='grc' dir='ltr'><strong><em>Ἀρίσταρχος</em></strong></span> <span class='ocrx_word' id='word_1_264' title='bbox 633 4378 760 4453; x_wconf 77' lang='grc' dir='ltr'><strong><em>μοῖρα</em></strong></span> <span class='ocrx_word' id='word_1_265' title='bbox 780 4366 938 4450; x_wconf 79' lang='grc' dir='ltr'><strong><em>πέδησε</em></strong></span> <span class='ocrx_word' id='word_1_266' title='bbox 954 4359 1075 4443; x_wconf 78' lang='grc' dir='ltr'><strong><em>Ἰακτός.</em></strong></span> <span class='ocrx_word' id='word_1_267' title='bbox 1098 4365 1139 4428; x_wconf 92' lang='grc' dir='ltr'><strong><em>Α.</em></strong></span> 
     </span>
    </p>
   </div>
   <div class='ocr_carea' id='block_1_3' title="bbox 0 0 1478 5024">
    <p class='ocr_par' dir='ltr' id='par_1_24' title="bbox 0 0 1478 5024">
     <span class='ocr_line' id='line_1_40' title="bbox 0 0 1478 5024; baseline 0 1"><span class='ocrx_word' id='word_1_268' title='bbox 0 0 1478 5024; x_wconf 95' lang='lat' dir='ltr'><strong><em> </em></strong></span> 
     </span>
    </p>
   </div>
  </div>
 </body>
</html>
