2964 5010
229 327 248 390 8

153 563 155 567 ,
230 516 304 558 eum
321 492 512 580 ,perfecisse
542 488 667 553 Seneca
702 495 815 551 auctor
848 495 898 550 est
924 486 962 549 in.
985 485 1080 570 epist.
1110 476 1341 546 LXXXVIII.

230 592 306 674 Qua
332 594 366 656 in
389 590 628 677 computatione
653 610 712 675 per
734 610 769 652 so
794 594 885 673 patet
904 609 968 651 non
989 606 1089 672 opera
1111 583 1261 649 absoluta
1283 584 1342 649 sed
1435 651 1438 656 ,

230 693 361 778 singula
382 691 551 757 volumina
572 689 808 776 comprehensa
833 687 940 753 esse.¹
966 686 1104 752 Ritsohl.
1128 685 1225 752 Alex.
1253 685 1341 751 Bibl.

229 818 261 881 p.
287 796 343 858 133
362 816 417 881 sq.
462 792 566 858 Simul
589 814 632 859 ex
653 789 767 855 eadem
789 788 947 853 librorum
968 788 1189 855 foecunditate
1211 789 1342 857 facilem

230 895 430 981 explicatum
450 893 549 960 habet
570 892 732 958 Athenaei
752 892 901 956 narratio·
915 891 963 956 IV
983 915 1014 978 p.
1043 891 1138 958 1390
1163 891 1342 972 011101011-

229 997 427 1080 110011,8,
459 1001 512 1080 19,
541 995 700 1060 accidisse
729 1016 788 1079 per
822 994 1020 1060 oblivionem
1048 994 1208 1081 Didyme,
1237 994 1279 1060 ob
1308 996 1341 1062 id

229 1100 336 1186 ipsum
357 1122 378 1163 a
392 1099 561 1165 Demetrio
576 1097 759 1163 Troezenio
781 1094 1002 1181 βιβλιολάθας
1017 1096 1198 1183 appellato,
1218 1106 1254 1163 ut
1269 1121 1343 1164 cum

229 1200 386 1266 historiae
412 1199 542 1264 cuidam
569 1207 735 1286 tamquam
762 1220 868 1266 vanae
893 1208 1106 1285 repugnaret,
1141 1195 1245 1286 ipsius
1270 1215 1342 1286 pro-

231 1303 373 1401 ferretnr
394 1301 491 1384 liber,
514 1303 570 1389 qui
592 1323 665 1366 eam
686 1301 866 1365 contineret
875 1300 925 1387 ¹)..
1003 1320 1005 1323 ·
1189 1304 1190 1307 ’

315 1403 578 1469 Honoratissima
606 1425 684 1469 vero
706 1402 894 1489 multiplicis
919 1404 989 1468 eius
1018 1401 1185 1468 doctrinae
1212 1407 1342 1487 mentio,
1463 1400 1467 1409 “

200 1514 206 1518 ’
231 1506 288 1593 qui
309 1505 359 1570 ab·
372 1505 570 1574 adsiduitate
595 1515 626 1570 et
648 1506 860 1593 perpessione
882 1505 1019 1588 laboris,
1047 1515 1084 1569 ut
1105 1505 1209 1591 Lipsii
1230 1506 1342 1571 uerbis

231 1617 314 1691 utar,
338 1609 566 1693 χαλκέντερος,
589 1609 705 1674 ferreis
723 1605 907 1672 visceribus
927 1606 1167 1694 (Sitnefleisch),
1190 1601 1343 1672 011110-
1439 1640 1446 1648 ·

232 1704 335 1792 νηρός
360 1709 505 1796 (Fabric.
529 1709 616 1773 Bibl.
641 1708 699 1775 Gr.
723 1708 812 1795 Hp.
837 1709 915 1793 455)
940 1708 1124 1790 dicebatur,
1154 1717 1260 1772 exstat
1288 1730 1341 1795 ap.

230 1810 394 1876 Ammian.
410 1810 557 1876 Marcell.
574 1808 694 1891 XXII,
714 1813 768 1892 16,
792 1813 844 1874 16:
867 1811 1001 1874 ‘Inter
1023 1832 1123 1896 quos
1148 1802 1342 1875 Chalcen-

132 1936 134 1939 ’
231 1921 341 1977 terus
365 1913 536 1976 eminuit
553 1908 755 1998 Didymus
777 1911 1029 1999 multiplicis
1054 1913 1259 1976 scientiae
1280 1934 1342 1975 oo·

231 2015 299 2101 pia
319 2013 620 2086 memorabilis?
643 2013 789 2093 Macrob.
807 2013 935 2095 Saturn,
952 2013 992 2097 V,
1011 2015 1049 2078 18
1067 2015 1112 2101 (p.
1130 2016 1191 2078 548
1207 2013 1342 2097 Zeun.):

232 2117 610 2202 ‘grammaticorum
648 2116 778 2184 facile
806 2116 1131 2181 eruditissimus’
1164 2115 1211 2197 V„
1242 2118 1281 2178 22
1309 2138 1341 2202 p.

231 2223 294 2283 576
316 2218 361 2282 Z:
385 2220 963 2302 ‘grammaticorumomnium
982 2219 1134 2305 quique
1157 2219 1240 2283 sint
1257 2220 1343 2306 qui·

232 2342 306 2407 que
328 2321 487 2387 fuerint
507 2322 892 2409 instructissimus’
937 2320 1174 2408 Hieronymum
1193 2329 1236 2409 ¹e't
1256 2322 1343 2386 Rufi-

231 2443 308 2486 num
344 2420 481 2508 Didymi
518 2422 705 2490 laudatores
737 2425 940 2511 disputantes
976 2444 1076 2509 supra
1107 2422 1344 2505 exaudivimus,

231 2525 364 2589 iteratos
393 2524 435 2588 ab
461 2525 590 2592 Isidoro
614 2527 804 2614 Hispalensi
834 2527 986 2613 episcopo
1016 2526 1050 2589 in
1077 2525 1170 2610 Orig.
1197 2525 1245 2590 VI
1271 2529 1342 2590 01

231 2624 297 2690 vol.
319 2625 372 2690 ΙΙΙ
394 2649 425 2713 p.
460 2630 518 2692 193
547 2629 716 2711 Lindem,
745 2652 775 2716 q.
804 2628 825 2692 l.
854 2628 927 2693 cod.
951 2627 1053 2692 Arev.
1086 2626 1344 2710 Chalceniterus,

232 2727 341 2794 Gudd.
362 2732 399 2811 1,
422 2731 512 2813 3pr.
536 2753 595 2795 va:
619 2730 816 2825 Calciterus,
840 2729 938 2796 Goth.
962 2753 993 2795 v.
1022 2729 1044 2794 l.
1069 2728 1266 2795 Cassiterius
1288 2753 1343 2797 ox·

230 2829 321 2894 hibet
341 2852 402 2915 pro
427 2852 465 2894 eo
490 2831 577 2917 quod
596 2831 783 2916 legebatur:
805 2831 978 2898 Caliterus.

315 2931 439 2995 Verum
462 2917 572 2997 tamen
596 2933 685 3020 quod
705 2932 896 3020 plerumque
918 2935 1050 3000 evenire
1072 2934 1170 3016 solet,
1194 2945 1230 2999 ut
1249 2940 1344 3002 meri·

231 3032 366 3098 tissimis
395 3032 579 3120 quibusque
606 3033 791 3111 hominibus
813 3034 1046 3121 malignissimi
1072 3059 1138 3103 non
1162 3037 1269 3101 desint
1288 3038 1343 3103 ob·

230 3141 433 3216 treotatores,
457 3133 543 3198 idem
564 3135 729 3224 Didymus
753 3159 882 3225 quoque
903 3148 1059 3226 expertus
1082 3144 1141 3221 est,
1161 3140 1252 3202 ouius
1274 3140 1343 3225 glo·

230 3236 314 3299 riam
337 3234 454 3300 diurna
476 3247 698 3327 nocturnaque
719 3241 807 3305 circa
825 3242 937 3306 literas
957 3241 1119 3306 industria
1139 3250 1344 3328 partamex·

234 3337 432 3423 agitatorum
454 3339 580 3404 invidia
599 3341 869 3430 Timaeorumque
891 3343 1077 3428 malignitas
1094 3353 1126 3408 et
1146 3343 1249 3409 torvis
1270 3364 1344 3409 ocu-

231 3439 273 3504 lis
299 3439 479 3504 intueretur
499 3451 532 3505 et
557 3443 703 3508 mordaci
731 3445 827 3510 dente
850 3431 1113 3512 circumroderet.
1157 3445 1254 3525 Quod
1275 3448 1344 3533 qui-

231 3542 307 3607 dem
328 3542 452 3608 eSuid.
476 3544 511 3608 II
534 3545 606 3632 70²)
624 3540 840 3630 Ἡράκλει’δης
862 3544 1026 3622 Ποντικός
1049 3546 1223 3611 dilucidius
1246 3551 1344 3613 etiam

229 3653 371 3730 pateret,
405 3646 543 3710 nisihic
571 3648 641 3734 ipse
664 3647 756 3713 locus
780 3671 839 3735 pro
861 3647 953 3711 dolor
981 3647 1180 3712 foedissimis
1201 3648 1345 3719 vulneri*

230 3744 292 3809 bus
315 3755 470 3832 putreret,
493 3749 611 3836 quibus
634 3750 774 3815 diversis
795 3749 976 3815 rationibus
993 3748 1116 3814 mederi
1137 3752 1247 3824 renati
1269 3762 1345 3817 sunt

231 3848 500 3916 Westermannus
529 3853 564 3917 in
591 3852 696 3938 biogr.
718 3870 769 3938 gr.
787 3855 864 3916 min.
885 3873 917 3939 p.
942 3854 1002 3915 3611
1030 3852 1216 3917 Meinekius
1245 3855 1343 3928 anallt

302 4092 327 4157 l)
344 4092 388 4144 Cf.
406 4093 557 4146 Commeat.
577 4096 687 4161 Didym'.
706 4094 758 4158 IV,
778 4097 789 4146 l
809 4113 837 4163 p.
855 4098 880 4148 8.
900 4096 978 4147 Olsu.
1003 4094 1079 4147 1852.

301 4179 328 4244 2)
346 4181 427 4231 Hunc
441 4181 529 4232 locum
549 4183 671 4248 fugiente
690 4183 769 4233 oculo
787 4181 1056 4250 inspexissevidetur
1067 4182 1176 4232 Wower
1188 4183 1342 4249 Polym'ath.

230 4264 270 4315 XI
289 4269 313 4329 §-
332 4267 374 4317 21.
