2962 5024
567 450 610 459 -
654 416 773 477 ²15-
1171 417 1230 477 175

207 578 276 639 169.
307 570 348 639 τοὶ
376 569 484 640 πολλὰ
513 578 581 640 τῶν
611 542 863 673 ὑίρομνημάτων
889 573 944 642 διὰ
968 582 1031 643 τοῦ
1054 602 1069 643 ε
1092 577 1229 662 δρετά.

117 673 174 739 καὶ
195 672 277 758 τάχα
295 669 361 740 ἀπὸ
381 679 444 740 τοῦ
465 677 587 761 δέρειν.
609 677 651 742 A.
676 677 728 742 Of.
752 678 794 742 V.

206 778 275 840 198.
297 774 398 860 χωρὶς
419 777 456 841 δὲ
478 782 542 843 τοῦ
563 803 585 843 ν
605 773 643 842 τό
667 772 755 861 ὕλη.
779 779 814 843 οί
835 777 872 843 δὲ
894 771 1002 861 ὕλην
1021 772 1052 843 τ’
1076 776 1230 842 ἐσσεύ-

113 898 236 958 οντο,
259 870 335 940 ἀντὶ
355 880 418 940 τοῦ
439 871 618 962 ὁρμήσειεν
638 879 673 943 οί
691 874 808 963 ἄνεμοι
829 882 937 944 καίειν
958 875 1021 963 την
1038 874 1134 962 ὕλην.
1155 880 1228 945 Α9.

118 976 155 1041 ἐν
176 969 359 1062 άλλφάλη
375 976 612 1044 τεσεύαιτο.
635 975 744 1058 οὕτως
759 980 796 1046 δὲ
812 981 867 1044 καί
882 981 944 1058 ἔξω
959 984 1058 1045 τοῦν
1075 973 1162 1063 ὕλη.
1185 982 1227 1044 A.
1332 1040 1333 1043 ,
1465 1008 1466 1012 ’

199 1080 273 1141 296.
296 1076 336 1155 ἐς
357 1088 493 1160 γαῖαν·
519 1077 558 1156 ἐς
575 1082 722 1166 δῆμον,
745 1075 839 1158 ῶςαί
854 1075 919 1146 ἆτὸ
935 1084 1004 1146 τῶν
1019 1077 1161 1146 πόλεων.
1185 1081 1227 1144 A.

199 1181 271 1243 244.
305 1177 343 1243 ἐν
363 1174 469 1267 άλλφ·
503 1174 630 1258 αὐτὸς
657 1178 730 1246 λῶν
758 1176 833 1246 άντὶ
857 1184 920 1247 τοῦ
942 1176 1043 1259 αὐτὸς
1065 1177 1162 1264 έγῶν.
1185 1182 1227 1247 A.

116 1280 256 1364 Recepi,
289 1280 377 1366 quod
402 1281 570 1367 praecedit
596 1283 803 1348 Aristonicus
831 1292 863 1348 et
882 1285 1131 1371 perversitatem
1152 1283 1228 1348 Ale-

117 1380 272 1445 xandrini
294 1381 464 1446 cuiusdam
485 1383 690 1467 grammatici
712 1385 807 1470 sapit.

199 1481 284 1568 [259.
307 1481 363 1547 καί
386 1478 475 1566 παρὰ
490 1476 722 1566 Ἀριστοφάνει
747 1478 906 1568 ἡθέτηται
928 1487 1039 1550 τοῦτο.
1063 1484 1117 1571 9.]

201 1584 274 1645 273.
294 1584 395 1666 διχῶς
412 1579 623 1668 Ἀρίσταρχος
646 1585 881 1670 δεδεγμένα
901 1584 956 1651 καὶ
978 1586 999 1648 δ
1007 1584 1225 1668 εδεχμένα.

197 1786 269 1849 287.
304 1781 511 1869 ἄγερθεν·
546 1781 655 1863 οὕτως
672 1781 896 1871 Ἀρίσταρχος,
929 1782 1024 1853 άλλοι
1047 1781 1084 1851 δὲ
1107 1788 1227 1869 ἔγερ-

115 1894 202 1952 θεν.
222 1888 264 1951 A.
286 1882 405 1964 ἄλλοις.
429 1883 538 1964 οὕτως
559 1889 740 1972 ἔνερθεν
760 1885 816 1954 διὰ
835 1892 896 1954 τοῦ
915 1912 930 1953 ε
952 1890 989 1954 αί
997 1885 1226 1972 Ἀριστάρχου,

115 1980 190 2055 οἷον
212 1984 416 2073 ἠγέρθησαν,
438 1983 633 2072 ἀνέστησαν,
654 1983 699 2068 ῶς
719 1989 793 2075 ἑξῆς
811 1993 888 2056 ’καί
906 1985 940 2077 ρ’
962 1988 1084 2074 ἥμονες
1104 1984 1226 2072 ἄνδρες

114 2085 285 2156 άνέσταν’.

200 2196 273 2257 307.
292 2188 504 2276 Ἀρίσταρχος
523 2189 560 2256 δὲ
582 2187 701 2269 ἑνικῶς
720 2192 928 2277 ἐδίδαξεν,
948 2193 1002 2258 ἐπὶ
1024 2196 1086 2258 τοῦ
1101 2198 1225 2257 Ποσει-

115 2294 241 2377 δῶνος,
262 2294 395 2369 ίκιτειος
413 2286 488 2375 γάρ.
510 2292 552 2356 A.
587 2294 766 2360 Aristonici
782 2298 1023 2362 adnotationem
1040 2294 1092 2358 hio
1115 2292 1226 2357 verbis

116 2395 282 2459 continuat
311 2391 434 2456 Friodl.
464 2415 497 2478 p.
521 2394 600 2476 331,
633 2395 689 2479 qui
716 2399 914 2483 nescioquo
928 2417 1045 2460 caussa
1067 2393 1225 2478 impulsus

115 2492 241 2571 ἑνικῶς,
254 2495 456 2580 proscripsit.
501 2492 583 2556 Mihi
603 2503 715 2558 eontra
736 2498 842 2581 ipsum
864 2497 947 2561 illud
966 2494 1084 2571 ἑνικῶς
1104 2493 1147 2557 ad
1167 2492 1225 2555 Di-

115 2594 248 2680 dymum
269 2617 329 2660 nos
349 2595 468 2659 ducere
489 2593 629 2658 videtur.
656 2593 707 2659 Of.
727 2601 755 2660 Β
779 2600 837 2660 169
856 2601 887 2661 Λ
902 2598 964 2663 672
988 2600 1028 2659 Μ
1043 2599 1082 2659 79
1102 2597 1141 2657 Ν
1154 2595 1224 2655 179.

200 2699 271 2759 317.
306 2695 610 2779 ἐρεχθομένην·
633 2694 859 2781 ἐρεθομίνην,
881 2692 902 2761 δ’
922 2696 1014 2761 ἐστιν
1036 2691 1226 2776 ἑρεθιζομέ-

113 2819 194 2880 νην,
216 2791 261 2873 ῶς
278 2792 317 2861 τδ
342 2789 476 2878 ’θυμὸν
499 2793 667 2877 ἐρέχθων
702 2798 733 2885 (ε
751 2798 806 2880 83)
838 2792 912 2862 άντλ
931 2800 993 2863 τοῦ
1015 2795 1180 2879 ἐρεθίσας.
1203 2785 1225 2876 ἢ

112 2896 291 2982 ἐεργομέ
296 2920 372 2979 νην
392 2891 466 2961 αἰυτί
486 2899 549 2960 τοῦ
569 2901 807 2984 συνεχομένην.
830 2901 871 2964 A.

201 2992 341 3084 [331ᾙῆ
358 3021 431 3063 τεν
450 3001 557 3081 σῆμα
575 3002 765 3085 βροτοῖο·
790 2997 1002 3085 Ἀρίσταρχος
1023 2997 1146 3083 γράφει
1169 2993 1224 3082 εἠὲ

113 3103 227 3183 σκίρος
247 3102 323 3184 ἔην·
345 3103 412 3165 νῦν
429 3090 475 3165 αὖ
494 3099 575 3166 θέτο
596 3099 727 3187 τέρματ’
747 3098 932 3187 Ἀχιλλεύς’
954 3108 1023 3168 κτλ.
1049 3104 1101 3192 9.]

197 3205 268 3267 361.
293 3198 479 3286 δρόμους
501 3209 740 3287 πληθυντικῶς
756 3200 974 3292 Ἀρίσταρχος.
997 3208 1038 3270 A.

196 3306 268 3369 374.
289 3299 352 3387 ἐφ’
376 3299 489 3382 ἁλός·
513 3299 622 3384 οὕτως
639 3300 858 3392 Ἀρίσταρχος.
882 3308 919 3372 αί
938 3308 975 3373 δὲ
995 3310 1131 3385 πλείους
1152 3300 1221 3389 ἀφ’

110 3396 231 3481 ἁλός·
255 3403 311 3471 καὶ
331 3402 457 3489 μήκοτε
479 3403 583 3491 λόγον
607 3411 683 3493 ἔχει.
706 3408 748 3473 A.

192 3510 266 3571 414.
289 3508 390 3590 διχῶς
412 3507 723 3594 ἐφομαρτεῖτον
744 3511 799 3576 καὶ
812 3560 907 3577 .....
938 3511 980 3576 A.

199 3604 283 3689 [417.
307 3603 364 3671 διά
382 3611 445 3672 τοῦ
466 3609 581 3692 ἑτέρου
601 3613 621 3676 δ
642 3608 680 3675 τὸ
703 3607 1048 3686 ὑποδδείσαντες.
1071 3609 1124 3697 9.]

195 3703 280 3789 [421.
321 3710 458 3790 χῶρον
494 3702 668 3774 ἅπαντα·
709 3705 953 3796 Ἀριστοφάνης
982 3714 1064 3793 χῶα
1095 3712 1223 3793 ἔνερ-

110 3811 197 3869 θεν.
221 3804 275 3886 9.]
366 3869 370 3875 ,

192 3908 265 3970 422.
290 3909 354 3993 τῇ·
375 3900 583 3990 Ἀρίσταρχος
604 3908 704 3991 χωρὶς
726 3913 788 3972 τοῦ
809 3933 827 3973 τ
849 3898 880 3996 ᾗ.
903 3911 945 3974 Α.

191 4013 264 4073 455.
285 4002 393 4085 οὕτως
411 4003 524 4084 Ἰακῶς
545 4008 716 4072 τέτυκτο
737 4001 990 4093 ὁἈρίσταρχος.
1014 4013 1056 4076 Α.

193 4113 267 4174 461.
298 4119 428 4175 κεῖσε·
461 4104 652 4191 Ζηνόδοτος
673 4109 727 4173 καί
743 4103 984 4195 Ἀριστοφάνης
1005 4119 1138 4178 κεῖθι·
1168 4111 1223 4177 καὶ

111 4210 201 4273 ἔστιν
221 4204 487 4295 άναλογῶτερου.
514 4212 556 4276 Α.

193 4316 266 4377 463.
290 4306 398 4391 οὕτως
421 4309 477 4378 διὰ
499 4317 561 4378 τοῦ
582 4336 604 4396 η
628 4315 708 4377 νῦν
729 4308 761 4378 δ’
781 4307 1155 4399 οὔκηἈριστοφάυης.
1178 4317 1220 4379 A.
