2932 5002
225 391 287 453 380

223 555 362 642 quodam
396 553 590 639 cognomine
621 553 769 639 profecta
802 555 877 619 sint.
930 554 1131 641 Scriptorum
1159 553 1344 636 cohortem,

224 656 342 743 quibus
370 657 592 720 testimonium
616 655 791 720 denunciat
811 666 936 738 noster,
958 657 986 719 si
1007 657 1228 741 reputaveris,
1252 655 1343 743 Phy-

223 758 388 840 larchnm,
418 759 491 822 dico
514 757 570 843 (fr.
597 758 644 843 1),
665 757 877 823 Aristotelem
906 755 1091 821 Stratonem
1121 756 1262 845 (Ephori
1279 757 1339 821 ad-

221 858 419 944 versarium)
462 858 669 924 Cleomenem
707 857 861 923 Sotadam
892 858 1089 945 Byzantium
1119 857 1340 946 [Demetrium

223 961 429 1050 Phalereum]
456 959 511 1047 (fr.
535 963 569 1048 4)
600 960 749 1048 Diyllum
776 961 1012 1025 Atheniensem
1042 961 1088 1044 (l)
1120 961 1176 1048 (fr.
1208 961 1242 1046 5)
1269 961 1340 1024 Da·

224 1063 331 1128 naidis
359 1077 489 1149 poetam
519 1062 793 1152 [Eratosthenem]
826 1061 882 1149 (fr.
911 1064 944 1145 7)
990 1061 1171 1126 Neanthem
1200 1062 1339 1147 Cyzice-

224 1189 301 1229 num
337 1164 392 1253 (fr.
423 1166 474 1252 9),
510 1167 597 1228 iusta
627 1165 774 1251 prolecto
810 1186 910 1228 causa
947 1186 1013 1228 non
1047 1162 1178 1229 videtur
1208 1164 1339 1245 adesse,

223 1289 282 1330 cur
302 1265 384 1329 haec
407 1265 575 1330 volumina
600 1265 826 1332 abiudicemus
849 1263 1082 1347 Chalcentero,
1112 1289 1207 1352 quem
1227 1266 1269 1331 de
1292 1266 1340 1330 al·

223 1375 294 1431 tero
314 1366 411 1430 etiam
429 1388 533 1454 aquae
549 1370 680 1432 nomine
699 1365 896 1431 sacerdotali
911 1367 1069 1449 Acheloo,
1086 1368 1224 1455 proinde
1240 1377 1280 1433 ut
1295 1369 1338 1433 fr.

225 1473 244 1532 9
281 1467 323 1532 de
356 1468 457 1553 βέδυ,
490 1470 684 1534 sententiam
714 1466 895 1532 luculenter
921 1473 1112 1555 exposuisse
1146 1473 1268 1536 scimus
1304 1473 1340 1534 in

212 1570 291 1658 ,lexi
319 1571 454 1656 tragica.
499 1572 570 1636 Hoc
593 1573 691 1636 etiam
720 1569 761 1634 ad
785 1569 1035 1635 Chalcenterum
1064 1593 1123 1636 nos
1145 1571 1265 1636 ducere
1291 1574 1341 1636 vi-

224 1673 333 1756 detur,
362 1675 450 1761 quod
477 1674 518 1739 fr.
543 1672 726 1759 2Didymo
752 1672 925 1759 opponitur
953 1671 1039 1736 Orus
1058 1673 1216 1756 Milesius,
1238 1697 1339 1761 quem

223 1798 297 1839 cum
320 1776 378 1840 illo
403 1779 533 1864 saepius
562 1798 631 1841 rem
660 1773 815 1839 habuisse
844 1774 979 1855 scimus,
1014 1770 1083 1839 vid.
1112 1774 1270 1839 Ritschel.
1296 1775 1338 1840 de

223 1877 280 1942 Or.
303 1888 334 1942 ct
358 1878 414 1943 Or.
437 1902 469 1965 p.
493 1882 544 1943 73.
589 1877 703 1965 Neque
725 1875 955 1962 disputationis
978 1887 1171 1963 argumenta
1193 1879 1227 1941 in
1249 1881 1341 1967 capi-

221 1977 309 2043 tibus
346 1983 373 2042 1.
407 1981 436 2043 2.
471 1984 501 2043 5.
531 1983 561 2043 6.
595 1982 614 2043 8
644 1987 783 2042 tractata
824 1977 1001 2065 quidquam
1047 1978 1236 2044 offensionis
1282 1980 1340 2043 ha-

162 2092 166 2098 ”
222 2080 338 2145 herent
370 2083 389 2144 3
421 2079 482 2145 sub
513 2081 621 2146 iudice
653 2080 777 2144 relicto.
831 2080 877 2143 At
899 2080 1047 2166 primum,
1070 2089 1106 2143 ut
1127 2081 1162 2143 in
1183 2082 1338 2167 ingressu

223 2183 504 2246 commentationis
526 2180 784 2263 observavimus,
801 2192 931 2268 praeter
942 2180 1166 2246 Herodianum
1188 2191 1221 2245 et
1235 2182 1339 2247 Athe·

223 2305 341 2347 naeum
357 2286 385 2348 si
406 2286 461 2371 qui
480 2281 694 2366 συμποσιακά
709 2284 919 2370 scripserunt,
943 2283 966 2346 ii
978 2282 1163 2370 philosophi
1180 2292 1212 2348 et
1227 2285 1339 2371 sophi·

224 2396 294 2451 stae
324 2385 473 2470 fuerunt,
506 2385 626 2450 deinde
658 2384 847 2472 scrupulu‘m
879 2386 1019 2449 iniciunt
1054 2386 1095 2449 fr.
1126 2390 1156 2449 4.
1181 2391 1217 2469 7,
1252 2410 1338 2474 quae

223 2488 303 2553 mihi
326 2489 457 2575 quidem
492 2486 650 2554 adversus
678 2487 859 2574 Didymum
886 2486 1135 2552 Chalcenternm
1170 2497 1339 2554 auctorem
1405 2512 1407 2514 ·

224 2600 355 2655 strenue
382 2613 530 2678 pugnare
559 2590 712 2655 videntur
735 2598 766 2653 et
789 2587 937 2653 redolere
964 2592 1073 2677 potius
1095 2589 1339 2676 Pythagoricae

224 2693 369 2758 familiae
389 2691 626 2780 philosophum,
651 2714 748 2778 quam
770 2691 1055 2776 grammaticorum
1071 2691 1184 2755 filium.
1208 2692 1339 2773 Quodsi

208 2794 324 2864 ¹semel
340 2795 479 2859 monitos
501 2817 627 2858 mecum
650 2803 803 2858 sensuros
826 2813 898 2855 esse
919 2791 1056 2856 lectores
1068 2816 1261 2881 persuasum
1281 2794 1340 2858 ha-

35 2923 39 2929 ·
134 2960 136 2962 ,
223 2899 302 2980 heo,
328 2895 441 2961 licebit
463 2897 533 2960 sine
557 2893 749 2981 ambagibus
769 2895 1000 2981 pronunciare,
1025 2918 1088 2982 quo
1109 2918 1160 2960 me
1182 2895 1268 2961 ferat
1289 2899 1339 2963 iu·

223 3001 356 3065 dicium.
405 2997 560 3085 Suspicor
581 3001 668 3064 enim
690 3000 933 3082 συμποσιακῶν
955 3006 1120 3062 auctorem
1143 3021 1214 3062 esse
1230 2998 1338 3087 Didy-

159 3120 162 3126 '
225 3125 329 3184 mum,
350 3100 536 3165 Heraclidis
558 3102 679 3183 filium,
702 3100 950 3186 grammaticum
972 3101 1095 3185 pariter
1114 3110 1211 3187 atque
1238 3103 1338 3165 musi-

223 3223 297 3266 cum
329 3202 584 3285 nobilissimum,
619 3202 759 3267 Neronis
788 3200 973 3289 aequalem,
1012 3202 1118 3289 quode
1148 3200 1266 3266 Suidas
1306 3212 1341 3266 et

224 3302 373 3367 Eudocia
394 3302 476 3367 haec
497 3304 661 3368 referunt:
685 3305 838 3386 Δίδυμος
860 3296 878 3367 ὁ
901 3306 963 3366 τοῦ
973 3296 1203 3386 Ἡρακλείδου,
1226 3327 1339 3388 γραμ-

224 3401 378 3489 ματικός,
407 3399 445 3482 ὃς
475 3406 623 3488 διέτριψε
652 3403 741 3488 παρὰ
768 3404 904 3488 Νέρωνι
940 3404 994 3468 καὶ
1022 3403 1259 3486 ἐχρηματίσατο
1287 3407 1337 3492 (l)

226 3509 315 3596 [num
327 3503 524 3591 ἐχρημάτισε
537 3504 819 3591 ΠΤΘΑΓΟρικός
827 3507 856 3596 l]
881 3503 1043 3591 μουσικός
1060 3500 1089 3570 τ’
1116 3495 1158 3588 ἦν
1180 3508 1257 3572 λίαν
1280 3507 1337 3572 καὶ

61 3642 65 3650 ·
197 3604 306 3690 ‘uode
334 3609 415 3693 μέλη
442 3607 648 3692 ἐπιτήδειος,
681 3610 742 3696 (cf.
767 3609 877 3673 Bekk.
918 3609 1056 3673 anecdd.
1083 3607 1136 3671 III
1165 3631 1196 3694 p.
1228 3610 1338 3694 1449).

223 3711 321 3774 Hunc
345 3733 408 3775 non
429 3713 538 3799 inepte
558 3710 689 3776 Fabric.
713 3712 784 3776 BG.
815 3710 900 3775 VIII
925 3733 957 3796 p.
976 3709 1058 3773 355*
1081 3709 1339 3796 Pythagoricum

223 3811 325 3876 fuisse
347 3810 577 3899 philosophum
598 3814 719 3877 conicit
741 3835 824 3893 eum,
848 3834 944 3899 quern
958 3813 1075 3875 iterum
1098 3820 1195 3898 atque
1215 3812 1339 3887 ,iterum

223 3911 335 3977 laudat
357 3912 518 3999 Porphyr.
542 3917 577 3978 in
600 3914 737 3978 Ptolem.
763 3920 774 3976 1
802 3915 916 3978 Harm.
939 3937 970 4001 p.
993 3915 1054 3977 210
1079 3913 1129 3978 ed.
1151 3913 1178 3977 1.
1205 3913 1338 3980 Wallis.

223 4036 297 4099 opp.
312 4014 410 4078 math.
424 4017 488 4081 vol.
504 4016 556 4079 lll
569 4017 620 4081 ed.
630 4016 737 4080 Oxou.
760 4020 840 4080 1699
865 4014 956 4102 (περὶ
968 4009 1190 4101 ὁμοιοτήτων)
1214 4038 1247 4101 p.
1265 4019 1337 4082 191.

226 4117 296 4179 193.
320 4119 392 4180 209.
416 4120 488 4181 210.
511 4119 574 4180 212
597 4116 688 4202 (περὶ
714 4121 771 4201 τῆς
791 4120 957 4200 διαφορᾶς
980 4122 1048 4181 τῶν
1067 4112 1343 4199 Ἀριστοξενιίων

223 4239 258 4280 τε
293 4216 348 4281 καὶ
381 4220 642 4305 Πυθαγορείων)
684 4218 788 4284 Clem.
827 4218 925 4283 Alex.
966 4218 1085 4285 Strom.
1119 4241 1151 4304 p.
1182 4221 1260 4303 226,
1299 4226 1341 4288 39
