2932 5002
1189 382 1247 445 341

139 559 211 602 esse
238 538 340 602 schol.
365 538 464 626 Soph.
481 541 561 606 OC.
594 545 674 606 1210
703 548 774 608 σῶν
801 538 877 609 άντλ
905 548 967 610 τού
1000 548 1104 613 σοῖιον
1137 545 1249 633 [schol.

140 639 260 727 Odyss.
279 663 299 705 κ
318 642 380 705 268
402 645 490 707 σάν·
510 637 722 729 Ἀρίσταρχος
741 638 817 709 άντλ
836 649 898 710 τού
920 646 1036 733 σάον].

668 833 716 895 10.

225 944 442 1010 Choerobosc.
463 967 515 1032 ap.
543 955 586 1011 et.
609 969 653 1010 m.
675 949 754 1030 230,
776 952 795 1010 4
825 944 991 1030 γήδιον·
1014 953 1119 1029 τριων
1139 939 1250 1015 ὄντωνι

139 1050 208 1111 τῶν
235 1043 466 1126 πρωτοτόκων
493 1050 537 1130 γῆ
563 1046 618 1112 καί
642 1059 720 1130 γαίοι
747 1049 802 1114 καὶ
830 1050 906 1132 γέα,
940 1050 978 1116 ἐκ
1000 1053 1100 1115 ποίου
1119 1047 1250 1116 τούτων

138 1146 258 1230 γέγονε
279 1143 317 1212 τύ
342 1147 479 1232 γήδιον;
505 1148 594 1231 λέγει
615 1144 651 1213 δὲ
676 1143 695 1213 ὁ
721 1149 926 1233 Δίδυμος,
949 1145 1002 1215 ὅτι
1023 1148 1093 1216 ἐστὶ
1112 1152 1172 1234 γέα
1193 1147 1250 1217 διά

138 1252 199 1313 τοῦ
222 1272 248 1314 ε.
293 1247 349 1313 καί
369 1245 504 1332 ἐπειδή,Ι
518 1243 617 1332 ἡνίκα
638 1244 660 1333 ἡ
681 1252 855 1314 τελευταία
875 1247 1026 1338 συλλαβή
1041 1255 1100 1336 τῆς
1115 1256 1251 1337 γενικῆς

138 1353 200 1414 τοῦ
222 1347 447 1432 πρωτοτόκου
470 1344 535 1415 άπὸ
559 1345 754 1433 φωνήεντος
774 1345 908 1433 ἄρχεται
929 1350 984 1416 καὶ
1006 1349 1189 1437 παραλήγει
1204 1356 1252 1441 τῷ

138 1473 153 1515 ε
176 1447 213 1517 τύ
238 1475 256 1516 ο
280 1452 312 1538 (?
333 1443 355 1534 ή
375 1454 422 1539 τῷ
444 1453 496 1539 o),
517 1447 593 1516 τότε
614 1454 741 1534 γίνεται
763 1446 820 1516 διά
842 1454 905 1516 τού
928 1446 1042 1538 διονή
1064 1449 1249 1538 παραγωγή

137 1550 192 1617 καὶ
222 1551 440 1636 προσέρχεται
470 1545 554 1616 κατά
575 1548 638 1635 τήν
658 1547 922 1635 παραλήγουσαν
941 1548 978 1619 τύ
998 1579 1020 1619 ι.
1065 1545 1140 1620 οἷον
1162 1539 1251 1637 πράέ

138 1655 220 1731 ξεως
241 1655 445 1738 πραξείδιον,
468 1654 587 1730 λέξεως
608 1654 781 1736 λεξείδιον,
804 1655 888 1737 βοῦς
910 1650 990 1737 βοός
1003 1655 1147 1740 βοίδιον,
1166 1659 1250 1734 νούς

137 1752 217 1831 νοός
239 1755 380 1838 νοίδιον,
402 1749 511 1832 ούτως
532 1742 598 1820 οὖν
620 1753 680 1836 γέα
702 1753 830 1834 γείδιον
847 1749 905 1818 διά
926 1758 985 1839 τῆς
1007 1777 1036 1819 ει
1053 1752 1249 1839 διφθόγγου

7 1898 11 1903 ·
137 1853 192 1921 καὶ
221 1850 295 1921 κατ’
326 1857 462 1920 ἔκτασιν
483 1849 635 1937 Ἀττικήν
664 1856 726 1918 τοῦ
753 1876 768 1918 ε
796 1856 843 1931 είς
868 1878 890 1939 η
919 1853 1040 1941 γῄδιον
1068 1854 1125 1921 διά
1145 1862 1207 1952 τοῦ
1224 1880 1249 1941 ,η

137 1955 192 2021 καί
214 1981 237 2041 ι,
257 1952 370 2042 άσπερ
393 1953 510 2035 εἰκάζω
530 1950 654 2043 ήκαζον
674 1954 730 2021 καὶ
751 1956 855 2021 είδειν
875 1950 982 2043 ᾔδειν.

669 2145 719 2204 11.

222 2263 373 2327 Eustath.
396 2259 436 2325 Il.
461 2265 492 2325 Ε
512 2264 573 2326 352
594 2284 627 2347 p.
653 2262 743 2342 1146,
766 2262 806 2323 58
827 2255 990 2342 Φιλήμων
1011 2258 1047 2324 δὲ
1069 2255 1106 2324 τὸ
1129 2257 1250 2346 λήδιον

139 2361 345 2447 ἑρμηνεύσας
368 2357 499 2439 εύτελδς
521 2359 704 2444 τριβώνιον
726 2355 746 2443 ή
769 2357 956 2443 χλαμύδιον
978 2356 1122 2425 παλαιὰν
1140 2382 1249 2443 παρο-

136 2462 231 2544 ξύνει
253 2459 335 2528 αύτό
357 2457 402 2538 ὡς
422 2459 459 2527 τό
482 2465 653 2546 σταμνίον.
684 2461 767 2545 φησί
789 2460 866 2545 γάρ,
889 2456 935 2537 ὥς
954 2463 1116 2542 σταμνίον
1134 2455 1171 2524 δὲ
1186 2457 1249 2544 τήν

138 2567 330 2652 προσῳδίαν
358 2563 454 2646 λέγω.
498 2564 690 2645 Δίδυμος
718 2558 755 2626 δὲ
774 2561 829 2627 καί
857 2555 959 2639 αύτός
989 2553 1079 2626 οὕτω
1102 2558 1249 2639 δοξάζων

137 2668 231 2750 φησί,
254 2661 299 2742 ως
319 2659 442 2747 ἄλογός
456 2664 548 2729 ἐστιν
564 2656 585 2747 ἡ
600 2660 896 2746 προπαροξύτονος
919 2658 1013 2739 τάσις
1034 2665 1097 2728 τού
1118 2661 1248 2749 λήδιον,

136 2766 207 2832 ἐπεὶ
234 2767 271 2830 αἱ
290 2761 345 2830 διά
365 2769 427 2831 τοῦ
449 2789 504 2830 ιον
525 2768 732 2847 παραγωγαί,
756 2766 787 2829 εί
804 2759 868 2847 μὲν
890 2750 975 2826 ύσιυ
996 2762 1033 2827 ἐν
1054 2764 1142 2848 τρισί
1164 2771 1248 2851 βρα-

137 2869 255 2950 χείαις,
287 2863 618 2950 προπαροξύνονται,
648 2862 778 2948 θρόνος
803 2861 936 2949 θρόνου
968 2862 1131 2949 θρύνιον,
1163 2862 1248 2944 πτύξ

137 2964 262 3049 πτυχός
281 2965 441 3052 πτύχιον,
464 2970 496 3033 εί
512 2963 549 3033 δὲ
572 2966 769 3033 δακτυλικαλ
791 2962 856 3052 πρὸ
876 2970 953 3051 μιᾶς
975 2968 1088 3050 ἔχουσι
1108 2961 1169 3032 τόυ
1191 2963 1250 3033 τύ-

137 3092 211 3153 νον,
234 3059 309 3133 οἷον
331 3072 475 3152 ψωμίου,
498 3063 610 3152 ὠτίον,
634 3069 682 3133 ἔτι
704 3067 740 3134 δὲ
763 3066 818 3133 καὶ
840 3069 1000 3153 κλειδίον,
1021 3070 1168 3154 παιδίον,
1186 3069 1249 3156 δμ-

136 3171 228 3252 δίον,
259 3165 301 3234 ού
330 3165 386 3234 διά
406 3164 443 3234 τὸ
464 3172 539 3235 διον
561 3165 644 3235 ὄντα
666 3162 746 3234 ούδδ
769 3173 883 3252 ταῦτα,
909 3162 992 3235 άλλά
1019 3164 1075 3234 διά
1097 3173 1160 3235 τοῦ
1181 3193 1246 3236 ιον.

137 3271 173 3336 τό
195 3267 258 3355 γάρ
282 3294 300 3336 ο
322 3270 384 3338 τοῦ
405 3268 631 3352 πρωτοτύπου
649 3270 748 3336 ἐστίν.
781 3272 812 3336 εί
832 3259 907 3355 οὖν,
926 3274 1041 3356 φησίν,
1061 3270 1099 3336 ίυ
1119 3275 1166 3359 τῷ
1188 3270 1249 3359 λή-

136 3375 213 3438 διον
234 3368 418 3456 δακτυλική
441 3366 461 3455 ή
484 3372 586 3458 λέξις,
615 3375 720 3456 δῆλον
742 3367 787 3450 ὥς
809 3366 875 3456 πρὸ
896 3376 974 3456 μιᾶς
992 3369 1140 3456 ύφειλεν
1160 3377 1249 3456 ἔχειν

135 3471 196 3540 τὸν
217 3472 330 3540 τόνον.
355 3476 410 3538 καλ
433 3468 522 3539 οὕτω
545 3475 797 3560 παροξύνεσθαι
817 3471 964 3559 θελήσας
985 3470 1022 3539 τά
1045 3477 1251 3540 ΛΗΙΔΙΟΝ

135 3571 153 3638 ὁ
176 3580 364 3659 Δίδυμος
392 3569 572 3656 άποστερεϊ
594 3570 677 3640 αύτό
710 3577 764 3640 καὶ
790 3578 852 3640 τοῦ
872 3571 955 3639 κατά
977 3568 1039 3656 τήν
1060 3571 1249 3657 παράδοσιν

138 3677 459 3760 προσγεγραμμένου
482 3701 504 3741 ι.
548 3674 636 3758 ἐπεί,
662 3679 761 3759 φησί,
790 3676 891 3757 λήδος
913 3669 950 3738 τὸ
974 3672 1249 3759 πρωτότυπον,ὸ“

136 3784 282 3860 Δωριεῖς
303 3773 403 3855 λάδός
425 3779 540 3860 φασίν,
564 3769 608 3852 ὥς
621 3770 783 3858 Ἀλκμάν·
806 3775 930 3850 λάδος
951 3775 1097 3858 είμίνα
1118 3772 1248 3841 καλόν

138 3879 193 3966 (fr.
217 3880 257 3943 88
277 3878 435 3964 Bergk),
462 3871 482 3941 ὅ
511 3875 593 3940 ἐστι·
622 3876 740 3958 ληδίον
767 3874 971 3958 ἐνδεδυμένή
1001 3868 1137 3953 εύειδές.
1180 3870 1247 3941 άπό

137 3983 224 4063 γούν
243 3981 305 4044 τού
322 3980 439 4062 λήδος,
463 3981 562 4061 φησί,
588 3971 633 4060 μή
656 3978 791 4059 ἔχοντος
812 3971 850 4040 τό
874 4000 885 4040 ι
908 3969 1048 4059 γεγονὸς
1069 3975 1106 4041 τὸ
1130 3978 1248 4060 ληδίον

136 4075 211 4146 οὐδ’
236 4074 279 4146 ἂν
301 4074 384 4146 αύτό
408 4082 475 4164 ἔχοι
498 4074 580 4145 τόἰ.

221 4183 294 4248 Ηοο
323 4183 556 4268 fragmentum,
590 4202 665 4245 cum
684 4181 765 4244 ίοῐτα
787 4179 1109 4264 προσγεγραμμένου
1130 4201 1248 4244 caussa

135 4292 260 4373 agatur,
282 4306 348 4351 non
372 4283 520 4352 dubitavi
542 4282 606 4352 huo
627 4282 808 4367 admittere,
832 4304 1027 4374 quamquam
1044 4282 1202 4373 aptiorem
1218 4282 1248 4352 ei
