2964 5010
771 513 807 595 4.

594 663 708 743 Λίξεις
727 656 974 747 Ἱπποκράτους.

314 801 453 889 Scripsit
463 801 550 867 idem
564 792 915 883 λέξειςἸπποκράτονς
926 809 1010 867 toste
1023 801 1180 866 Erotiano
1191 824 1224 886 p.
1240 801 1277 862 12
1290 799 1342 864 ed.
1381 819 1390 829 ·

192 901 194 903 ¹
229 908 305 972 Frn.
334 908 402 971 τῶν
432 902 469 968 δὲ
505 905 744 987 γραμματικῶν
771 897 835 968 ούκ
855 905 947 969 ἔστιν
969 898 1061 982 ὅστις
1082 899 1256 987 ἐλλόγιμος
1278 925 1342 986 φα-

229 1010 298 1086 νείς
320 1010 473 1091 παρῆλθε
496 1000 556 1071 τόν
578 999 696 1091 ἀνδρα.
733 999 803 1071 'En
824 999 857 1070 δ’
879 999 1091 1090 Ἀρίσταρχος
1113 1004 1190 1091 περὶ
1212 994 1261 1070 οἷν
1283 1027 1342 1088 γε-

229 1106 400 1195 γράφασιν
424 1103 637 1192 Ἀριστοκλῆς
664 1106 719 1172 καὶ
736 1102 948 1192 Ἀριστοπέας
967 1110 1002 1173 ολ
1015 1103 1146 1174 Ῥόδιοι.
1183 1105 1237 1172 καλ
1260 1102 1342 1192 μετά

228 1211 355 1290 πάντας
372 1206 561 1294 Ἀντίγονος
582 1208 637 1275 καὶ
652 1213 803 1296 Δίδυμος
821 1212 856 1275 ol
866 1205 1101 1295 Ἀλεξανδρεῖς.
1134 1211 1241 1276 Locus
1259 1211 1342 1276 miro

228 1316 325 1381 modo
337 1313 485 1386 turbatus
498 1322 556 1396 est,
572 1335 632 1378 nec
644 1314 708 1378 nisi
723 1313 879 1379 audacius
895 1314 1102 1400 transpositis
1118 1312 1228 1378 verbis
1245 1312 1342 1377 facilc

228 1417 404 1484 sanandus.
427 1415 590 1504 Equidem
613 1437 679 1480 non
701 1415 813 1481 dubito
834 1417 913 1504 quin
934 1416 1011 1480 huic
1025 1437 1117 1481 meae
1135 1416 1342 1480 coniecturae

227 1542 397 1586 assensum
416 1516 597 1606 praebituri
616 1519 682 1584 sint
700 1518 855 1583 lectores:
876 1557 918 1567 -
943 1514 1004 1583 τὸν
1029 1512 1148 1601 ἄνδρα.
1186 1516 1251 1582 Kul
1276 1510 1340 1602 γάρ

227 1617 245 1688 ὁ
275 1615 520 1704 ἀναλεξάμενος
551 1613 657 1685 αύτόν
684 1615 870 1705 Εὐφορίων
897 1622 1009 1686 πᾶσαν
1036 1616 1224 1685 ἐσπούδασε
1252 1617 1343 1696 λέξιν

228 1719 454 1809 ἐξηγήσασθαι
476 1721 532 1788 διὰ
549 1726 690 1807 βιβλίων
713 1721 761 1800 ἐξ,
794 1723 870 1806 περὶ
892 1711 942 1788 clv
963 1720 1173 1807 γεγράφασιν
1191 1714 1342 1804 Ἀριστο-

227 1831 309 1911 κλῆς
338 1823 393 1890 καλ
417 1819 585 1908 Ἀριστίας
614 1826 649 1890 οί
661 1819 791 1891 Ῥόδιοι.
829 1826 878 1890 ἔτι
897 1822 934 1889 δὲ
952 1820 1163 1909 Ἀρίσταρχος
1185 1823 1240 1888 καλ
1259 1819 1342 1906 μετὰ

227 1925 354 2003 πάντας
373 1919 562 2009 Ἀντίγονος
584 1925 640 1991 καλ
662 1928 814 2011 Δίδυμος
837 1928 871 1992 ολ
886 1923 1123 2011 Ἀλεξανδρεῖς.
1169 1928 1234 1990 Pro
1257 1921 1342 1989 ἀνα-

228 2030 293 2107 λεξ.
324 2027 469 2092 Meinek.
492 2027 591 2093 anull.
615 2027 712 2093 Alex.
735 2050 778 2116 p.
792 2031 832 2092 29
853 2028 991 2094 rescribi
1010 2027 1101 2094 iubet
1121 2023 1253 2106 ἀναδεξ.
1277 2021 1342 2091 αύ-

227 2127 288 2198 τόν
311 2130 528 2219 subauditque
543 2130 776 2221 Lysimachum
790 2131 909 2196 Coum:
933 2132 1072 2196 fortasse
1087 2139 1185 2214 recte,
1201 2132 1342 2196 fortasse

226 2256 293 2299 non
318 2241 417 2298 recte.
461 2233 593 2298 Etenim
620 2233 833 2319 praelegendi
862 2234 952 2298 notio
974 2254 1217 2321 nonnumquam
1238 2231 1341 2297 verbo

227 2330 450 2420 ἀναλέγεσθαι
469 2337 678 2423 exprimitur:
701 2336 744 2401 cf.
756 2337 894 2402 Lucian.
908 2358 978 2401 eno.
989 2336 1089 2399 Dem.
1102 2334 1238 2399 XXVII
1253 2343 1276 2400 t.
1288 2333 1342 2399 III

227 2443 289 2503 510
310 2438 369 2502 Ra.
406 2438 443 2502 F.
463 2437 590 2504 Iacobs.
611 2438 654 2503 ad
675 2439 778 2527 epigr.
800 2437 927 2504 calum.
951 2442 991 2505 60
1015 2437 1115 2503 schol.
1136 2436 1235 2503 Dion.
1259 2437 1339 2501 Thr.

112 2619 116 2627 Ι
227 2542 299 2624 725,
322 2543 373 2605 31.
401 2539 531 2613 Aelian.
549 2563 582 2607 v.
595 2540 628 2605 h.
642 2540 727 2605 XIV
741 2543 792 2606 20.
822 2539 974 2628 Xenoph.
995 2540 1091 2604 anab.
1112 2538 1148 2603 ΙΙ
1172 2546 1200 2623 1,
1227 2544 1263 2603 17
1287 2539 1339 2604 οδ.

226 2644 351 2729 Krueg.
383 2666 415 2730 p.
444 2647 482 2708 61
514 2665 544 2708 a.
575 2645 668 2708 1845.
718 2643 906 2731 Asclepiad.
939 2644 1043 2730 epigr.
1078 2643 1164 2707 inter
1196 2641 1339 2706 lensian.

226 2766 258 2809 n.
283 2749 344 2808 757
369 2767 402 2831 p.
428 2747 487 2807 157
509 2744 592 2809 Rsk.
637 2745 753 2833 Itaque
776 2744 952 2810 Erotianus
980 2744 1042 2809 hoc
1070 2743 1211 2809 fortasse
1227 2741 1339 2825 voluit,

225 2857 262 2913 ut
282 2846 516 2933 Hippocratem
537 2846 578 2910 ab
595 2847 804 2934 Euphorione
823 2869 889 2913 non
909 2847 1006 2912 modo
1024 2869 1085 2912 sex
1105 2844 1227 2924 λέξεων
1245 2845 1339 2911 libris

225 2947 432 3029 illustratum,
451 2946 511 3010 sed
532 2948 631 3010 etiam
654 2969 728 3013 cum
750 2949 920 3036 discipulis
941 2948 1060 3014 lectum
1083 2970 1155 3014 csse
1178 2950 1337 3015 innueret.

225 3048 272 3115 Ut
292 3070 371 3113 vero
395 3048 526 3133 largiar,
545 3046 738 3114 Erotianum
760 3043 1005 3135 ἀναδεξάμενος
1026 3052 1207 3138 scripsisse,
1230 3061 1339 3116 tamen

227 3145 333 3216 αύτόν
352 3150 395 3216 ad
408 3149 641 3237 Lysimachum
655 3153 819 3239 respicere
834 3151 943 3217 nullus
962 3174 1116 3239 umquam
1132 3153 1336 3238 crediderim,

226 3253 285 3318 sed
306 3248 422 3317 Λύκον
444 3253 658 3335 correxerim,
678 3261 714 3318 ut
735 3253 847 3339 Lycus
869 3254 1079 3340 intellegatur
1101 3255 1337 3343 Neapolitanus

224 3356 371 3421 medicus
383 3353 616 3438 nobilissimus,
639 3356 759 3443 quode
777 3357 845 3422 vid.
861 3356 948 3422 Plin.
964 3356 998 3422 h.
1010 3380 1042 3421 n.
1060 3357 1128 3421 XX
1141 3359 1180 3421 20
1202 3358 1306 3422 XXX
1320 3363 1332 3422 1

224 3458 372 3523 Erotian.
403 3480 435 3543 p.
457 3460 529 3523 216.
576 3457 690 3546 Neque
717 3481 796 3526 vero
823 3461 945 3529 criticis
969 3459 1116 3526 inaudita
1140 3468 1190 3525 cst
1210 3483 1338 3549 permu-

223 3561 304 3625 tatio
331 3580 421 3624 vocc.
453 3552 555 3638 αύτύς
577 3568 609 3625 et
629 3558 743 3639 Λύκος
767 3561 835 3627 vid.
861 3562 901 3627 R.
924 3562 1040 3649 Unger
1070 3561 1173 3627 Theb.
1199 3562 1336 3649 paradd.

224 3665 286 3727 384
316 3660 403 3749 (coll.
428 3671 469 3727 et.
492 3661 535 3727 m.
559 3665 631 3747 593,
653 3664 720 3748 27).
758 3662 852 3729 Idem
882 3666 1037 3731 mendum
1058 3664 1137 3730 tolle
1160 3687 1204 3729 ex
1223 3663 1335 3750 Steph.

223 3763 305 3850 Byz.
336 3766 410 3846 173,
442 3768 479 3826 10
495 3765 530 3828 Μ
570 3770 714 3832 Βοιωτία
741 3805 784 3817 -
814 3766 974 3851 γενέσθαι
1014 3767 1053 3832 δέ
1076 3782 1159 3849 φασι
1190 3760 1338 3830 Βοιωτὸν

220 3856 355 3928 Ἰτώνου
376 3867 438 3930 τοῦ
453 3858 699 3950 Ἀμφικτύονος
719 3872 782 3935 τοῦ
803 3863 878 3934 κατ’
899 3863 1005 3934 αύτδν
1024 3868 1192 3949 νεωτέρου
1208 3869 1276 3931 τῶν
1295 3873 1336 3931 Δ.

223 3962 503 4033 willeradus.
535 3970 576 4034 Α.
599 3972 743 4037 Meinek.
775 3977 846 4037 ³10.
869 3965 972 4037 κατὰ
993 3965 1090 4036 cdv?
1124 3979 1160 4033 ut
1178 3969 1339 4033 exciderit

222 4068 389 4155 scriptoris
405 4092 523 4136 nomen
540 4073 620 4156 [?}';
634 4076 733 4139 immo
750 4071 833 4139 κατά
845 4072 971 4140 Λύκον.
990 4071 1098 4137 Schol.
1110 4070 1220 4159 Apoll.
1230 4071 1337 4135 Rhod.

222 4167 319 4265 1741
349 4161 368 4233 ὁ
397 4163 432 4234 δ’
463 4164 566 4249 αύτός
596 4172 651 4238 καὶ
682 4170 893 4258 Φερεκύδης;
925 4175 989 4259 leg.
1024 4195 1075 4238 me
1108 4172 1215 4238 iudice
1249 4166 1267 4237 ὁ
1299 4170 1336 4236 δὲ

220 4264 334 4346 Λύκος
362 4271 418 4335 καὶ
446 4277 527 4357 Φερ.
565 4273 749 4340 Suid.II'1
780 4298 813 4364 p.
835 4278 865 4340 8.
901 4269 946 4352 ὡς
974 4271 1011 4340 δὲ
1037 4268 1236 4352 αύτόςὸτά
1258 4273 1336 4358 περὶ
