2964 5010
236 393 278 457 66

238 556 368 622 saner.
397 550 695 640 ὀριιοσοιιης
716 553 753 622 ιε
774 595 818 609 -
838 551 1013 623 russam
1035 539 1079 607 ’.-
1100 558 1290 641 Atropos
1309 553 1351 622 οε

237 653 313 723 οάιι
333 653 440 722 εἶναι
462 653 585 723 τοῦτό
608 651 936 743 φησιν’ἀληδές,
958 653 1034 725 ἀλλ’
1058 660 1151 723 ἔστιν
1170 657 1237 723 ατὲ.
1363 672 1364 675 ’

225 824 228 831 ,
320 760 376 825 Ad
392 758 494 824 schol.
508 759 551 824 ad
562 761 650 824 Avv.
667 763 729 824 557
750 759 986 847 Bernhardyns
1006 769 1081 848 apte
1099 758 1243 824 conferri
1260 760 1351 825 iubat

238 861 383 948 Hasyoh.
395 861 430 925 Π
439 863 478 925 23
491 854 586 942 ἴεράν
596 858 755 943 πόλεμον.
778 860 934 926 Diximus
948 862 989 927 de
1002 861 1103 926 schol.
1116 862 1159 927 ad
1169 863 1258 927 Avv.
1270 866 1350 928 1513

238 966 344 1033 Rann.
366 967 428 1028 810
450 955 546 1049 (ἅττα
567 969 601 1026 et
618 966 962 1050 κατειλυσπωμένην).
1006 964 1128 1027 Nostra
1147 962 1230 1027 nihil
1252 968 1351 1028 inter-

238 1076 288 1131 est
299 1064 400 1131 schol.
416 1066 458 1130 ad
468 1064 574 1128 Rann.
590 1066 670 1127 1060
685 1064 727 1128 de
740 1064 900 1152 Aeschyli
908 1065 1088 1128 Persarum
1099 1063 1289 1128 didasoalia.
1311 1065 1351 1128 In

239 1166 340 1232 schol.
357 1167 400 1232 ad
411 1168 518 1231 Rann.
535 1166 612 1228 1294
626 1167 672 1251 τῷ
683 1163 787 1256 ψήφῳ
799 1164 913 1253 λαβών
925 1166 1152 1231 Eratosthenis
1170 1166 1351 1242 ψευδαττι-

238 1273 310 1334 ααῑν
331 1268 498 1354 sugillatio
518 1268 560 1332 ad
581 1267 816 1332 Nicomachum
838 1267 917 1333 mihi
937 1270 1102 1355 pertinere
1123 1265 1253 1332 videtur
1267 1267 1350 1331 Phe-

238 1373 377 1436 recratio
397 1390 582 1457 personam,
599 1377 637 1433 nt
655 1372 843 1446 Μεταλλεῖς
864 1368 997 1433 fabulae
1014 1369 1150 1455 opificis,
1169 1370 1351 1451 mentitum,

238 1476 273 1538 in
295 1493 361 1561 qua
382 1472 544 1537 sententia
563 1491 651 1534 nune
671 1471 769 1536 video
789 1472 888 1535 etiam
909 1469 1119 1535 Dindorfinm
1139 1491 1211 1535 esse
1235 1469 1349 1536 soholl.

236 1573 302 1638 vol.
315 1573 350 1637 II
371 1598 402 1660 p.
420 1573 511 1639 1361.
526 1576 585 1656 223
606 1594 714 1660 neque
737 1595 848 1639 eorum
870 1570 1005 1660 aliquid,
1029 1594 1112 1658 quae
1131 1574 1167 1636 in
1188 1571 1290 1636 schol.
1307 1571 1352 1636 ad

237 1675 410 1739 Pluteos,
426 1677 506 1737 1195
526 1674 689 1758 leguntur,
710 1676 893 1761 erssrspeotari
915 1682 1023 1761 potest
1043 1673 1131 1761 apud
1147 1673 1351 1759 Hesychium

238 1777 469 1842 inventumiri.
481 1776 620 1841 —Oum
631 1775 732 1841 sehol.
745 1776 787 1840 ad
802 1775 878 1840 Pao.
888 1780 928 1841 70
941 1770 1249 1861 ἀνερριηάτο...
1265 1768 1352 1857 πρὸς

238 1873 276 1944 τὸ
291 1876 380 1955 ὕψος
401 1872 570 1962 ἀνέβαινε.
590 1872 676 1958 πρὸς
693 1876 818 1959 δένδρα
839 1879 895 1942 καί
914 1882 1047 1962 τοίχους
1064 1869 1087 1963 ἢ
1110 1878 1260 1960 σηοῖνιον
1281 1886 1352 1952 ταῖς

238 1980 331 2063 χερσί
352 1978 408 2044 καί
428 1989 497 2055 τοῖς
519 1977 598 2043 ποσί
619 1971 817 2061 ἀναβαίνειν
836 1973 1083 2066 ἀναρριχᾶσδαι
1105 1977 1244 2062 λέγεται.
1267 1977 1352 2061 φησί

239 2076 537 2165 δὲ’ἴῖρατοσθίνης
555 2073 635 2155 τούς
657 2081 874 2160 Κυρηναίους
897 2077 987 2147 οὕτω
1010 2081 1122 2165 λέγειν
1143 2079 1187 2145 of.
1203 2078 1350 2167 Hesyoh.

239 2205 265 2247 s.
281 2204 337 2247 vv.
361 2176 598 2265 ἀναριηᾶσδαι.
618 2173 832 2265 ἀρόιχάσθαι

254 2350 257 2357 Α
325 2284 409 2350 Cum
424 2283 526 2348 schol.
546 2282 589 2347 ad
604 2282 700 2346 Pind
724 2281 908 2346 01.1x1
899 2228 1267 2371 1pseBernhardyusp.
1288 2284 1351 2347 226

239 2385 367 2451 confert
377 2385 457 2450 Hes.
471 2385 679 2462 ααλλίνιιιοςς
670 2383 1231 2472 ·αδδοτηνέβλαο1τηνέβλοςαοΙΙ.
1248 2384 1351 2450 schol.

239 2489 298 2553 Ar.
322 2487 407 2574 qu.
431 2489 504 2552 276.
548 2485 702 2573 Denique
724 2485 811 2550 idem
834 2509 899 2552 non
920 2489 991 2553 sine
1011 2492 1084 2555 veri
1105 2491 1215 2576 specie
1236 2511 1269 2575 p.
1290 2490 1363 2551 231·

239 2588 282 2653 ad
318 2588 568 2653 Eratosthenem
607 2588 709 2652 refert
739 2587 899 2674 Hesychii
926 2589 960 2654 II
989 2592 1069 2654 1284
1105 2594 1243 2655 στωϊκοί
1276 2587 1351 2652 ooll.

239 2692 338 2775 Diog.
356 2690 466 2755 Laert.
485 2691 551 2755 VII
573 2694 592 2753 5
613 2699 645 2754 et
666 2691 809 2772 κομυτία
828 2690 863 2753 ΙΙ
886 2695 947 2755 310
965 2730 1008 2743 -—
1029 2684 1052 2776 ἢ
1073 2694 1109 2757 οἴ
1127 2690 1350 2774 σαόλυμοι·

239 2794 324 2857 ἔνιοι
353 2788 394 2857 τά
424 2795 493 2863 τῶν
513 2787 699 2873 κοσσύφων
717 2790 797 2874 κρέη
827 2791 921 2878 (sie)·
951 2794 986 2856 ολ
1008 2792 1046 2858 δέ
1066 2794 1163 2877 γένος
1184 2791 1351 2875 λαχάνων,

239 2889 323 2974 ὅπερ
344 2889 434 2969 τινὲς
455 2890 674 2958 ίπποσέλινον
691 2883 712 2974 ἢ
730 2889 897 2975 σμύρνιον
916 2894 999 2980 (vid.
1018 2894 1183 2960 Eratosth.
1199 2916 1251 2979 ap.
1263 2891 1349 2956 Plin.

240 2993 272 3057 h.
295 3016 327 3056 n.
351 2993 456 3057 XXII
477 2998 518 3059 43
539 2993 580 3058 fr.
602 2992 752 3057 XLVIII
769 3016 802 3079 p.
825 2996 886 3059 234
909 2995 1059 3083 Bernh.).

772 3182 823 3244 32.

316 3281 492 3362 Ῥοοίεοωο
514 3296 585 3363 loco
604 3320 671 3362 non
690 3299 833 3363 alienum
861 3297 924 3362 erit
947 3300 1138 3385 apposuisse
1162 3295 1264 3361 schol.
1285 3296 1350 3383 Ap.

241 3400 347 3464 Rhod.
370 3398 461 3463 1143
481 3401 547 3465 vol.
567 3400 604 3465 II
621 3425 654 3488 p.
676 3401 730 3462 121
759 3404 908 3475 ἴουλος
929 3396 966 3463 δὲ
986 3399 1116 3483 λέγεται
1139 3396 1195 3463 καῖ
1214 3392 1235 3479 ἡ
1253 3395 1351 3475 έξάν-

240 3510 343 3586 θησις
367 3504 436 3565 τῶν
463 3505 603 3584 γενείων
629 3501 684 3567 καί
704 3496 790 3579 ζωόν
812 3525 844 3566 τι
864 3496 1044 3566 πολύπουν
1064 3500 1120 3565 καλ
1141 3495 1228 3574 εἶδος
1251 3492 1352 3586 ᾠδῆς,

241 3598 286 3680 ἀς
305 3622 412 3688 φησιν
429 3597 679 3686 Ἐρατοσθένης.
708 3603 816 3667 Schol.
836 3602 912 3668 Par.
935 3604 999 3689 Ap.
1023 3604 1086 3668 Rh.
1110 3603 1209 3667 1972
1230 3603 1296 3666 vol.
1308 3601 1353 3665 ·11

240 3730 272 3792 p.
289 3708 328 3770 78
349 3701 649 3785 Ἐρατοσθένης
669 3703 707 3770 δὲ
725 3705 778 3770 καὶ
801 3698 910 3788 ὄνομα
929 3699 1018 3792 ςάδης
1038 3706 1160 3789 έρίθον
1178 3701 1353 3769 ἀπέδωκεν

240 3807 277 3872 έν
298 3802 457 3895 τῷἘρμῇ
478 3805 586 3889 λέγων
609 3801 734 3884 οὕτως·
753 3797 813 3872 Ἦν
834 3803 867 3872 δ’
894 3802 959 3891 ἀρα
979 3846 1022 3859 -
1040 3805 1186 3883 ἰούλους.
1219 3810 1272 3872 Δί
1277 3808 1298 3869 δ
1305 3830 1354 3870 υ-

239 3928 313 3990 μος
340 3905 383 3971 δὲ
409 3901 486 3972 οὐκ
516 3902 625 3972 εἶναι
651 3909 777 3974 τοῦτό
805 3925 938 3994 φησιν
958 3903 1126 3992 ἀληθές.
1162 3903 1237 3974 ἀλλ’
1262 3910 1356 3973 ἔστιν

239 3999 257 4069 ὁ
287 4010 402 4084 ἴουλος
430 4002 539 4091 ὕμνος
566 4011 612 4085 εἴς
636 4007 816 4094 Δήμητρα,
846 4005 891 4088 ὡς
920 4005 1083 4093 ὄρπιγγος
1116 4010 1152 4097 (l.
1174 4005 1353 4095 οὕπιγγος)

239 4101 329 4189 παρὰ
355 4110 561 4191 Τροιζηνίοις
583 4103 811 4196 εἴς”Αρτεμια
836 4107 927 4178 Ἐστι
949 4108 1014 4194 γὰρ
1037 4100 1140 4187 οὖλος
1161 4112 1216 4177 καί
1239 4117 1355 4188 ἴουλος

241 4199 260 4288 ἡ
281 4205 318 4271 ἐκ
340 4211 408 4272 των
430 4206 633 4293 δραγμάτων
652 4212 866 4298 συναραμένη
887 4212 1003 4298 δέσμη.
1038 4214 1101 4279 Καὶ
1122 4208 1223 4279 Οάλιδ
1246 4209 1354 4296 ἡΔη-

238 4304 345 4393 μήτηρ
368 4311 508 4393 λέγεται.
542 4306 673 4390 ’Ἰονλος
694 4314 749 4379 καί
773 4319 898 4398 θηρίον
921 4340 952 4380 τι
973 4313 1120 4392 πολλοάς
1139 4313 1246 4391 πόδας
1268 4318 1355 4397 έχων
