<?xml version="1.0" encoding="UTF-8"?>
<!DOCTYPE html PUBLIC "-//W3C//DTD XHTML 1.0 Transitional//EN"
    "http://www.w3.org/TR/xhtml1/DTD/xhtml1-transitional.dtd">
<html xmlns="http://www.w3.org/1999/xhtml" xml:lang="en" lang="en">
 <head>
  <title>
</title>
<meta http-equiv="Content-Type" content="text/html;charset=utf-8" />
  <meta name='ocr-system' content='tesseract 3.04.00' />
  <meta name='ocr-capabilities' content='ocr_page ocr_carea ocr_par ocr_line ocrx_word'/>
</head>
<body>
  <div class='ocr_page' id='page_1' title='image "./didymichalcente00schmgoog_0292.png"; bbox 0 0 2962 5018; ppageno 0'>
   <div class='ocr_carea' id='block_1_1' title="bbox 1191 418 1251 478">
    <p class='ocr_par' dir='ltr' id='par_1_1' title="bbox 1191 418 1251 478">
     <span class='ocr_line' id='line_1_1' title="bbox 1191 418 1251 478; baseline 0.017 -1"><span class='ocrx_word' id='word_1_1' title='bbox 1191 418 1251 478; x_wconf 82' lang='lat'><strong>273</strong></span> 
     </span>
    </p>
   </div>
   <div class='ocr_carea' id='block_1_2' title="bbox 68 575 1254 4469">
    <p class='ocr_par' dir='ltr' id='par_1_2' title="bbox 140 575 1254 2068">
     <span class='ocr_line' id='line_1_2' title="bbox 143 575 1253 667; baseline 0.006 -30"><span class='ocrx_word' id='word_1_2' title='bbox 143 583 252 659; x_wconf 90' lang='lat' dir='ltr'><strong>partes</strong></span> <span class='ocrx_word' id='word_1_3' title='bbox 265 583 424 638; x_wconf 88' lang='lat' dir='ltr'><strong>vocantur</strong></span> <span class='ocrx_word' id='word_1_4' title='bbox 446 576 479 637; x_wconf 94' lang='lat' dir='ltr'><strong>in</strong></span> <span class='ocrx_word' id='word_1_5' title='bbox 499 575 631 639; x_wconf 82' lang='lat' dir='ltr'>scholiis</span> <span class='ocrx_word' id='word_1_6' title='bbox 653 576 695 639; x_wconf 91' lang='lat' dir='ltr'><strong>ad</strong></span> <span class='ocrx_word' id='word_1_7' title='bbox 708 576 777 640; x_wconf 75' lang='lat'><strong>00.</strong></span> <span class='ocrx_word' id='word_1_8' title='bbox 796 577 868 639; x_wconf 79' lang='lat'><strong>388.</strong></span> <span class='ocrx_word' id='word_1_9' title='bbox 892 579 964 638; x_wconf 87' lang='grc'><strong>390.</strong></span> <span class='ocrx_word' id='word_1_10' title='bbox 984 579 1055 641; x_wconf 87' lang='grc'><strong>081.</strong></span> <span class='ocrx_word' id='word_1_11' title='bbox 1080 582 1151 660; x_wconf 85' lang='grc'><strong>900,</strong></span> <span class='ocrx_word' id='word_1_12' title='bbox 1174 602 1253 667; x_wconf 89' lang='lat' dir='ltr'><strong>quos</strong></span> 
     </span>
     <span class='ocr_line' id='line_1_3' title="bbox 149 672 1254 765; baseline 0.006 -28"><span class='ocrx_word' id='word_1_13' title='bbox 149 672 253 757; x_wconf 89' lang='lat' dir='ltr'><strong>locos,</strong></span> <span class='ocrx_word' id='word_1_14' title='bbox 275 683 311 739; x_wconf 92' lang='lat' dir='ltr'><strong>ut</strong></span> <span class='ocrx_word' id='word_1_15' title='bbox 333 699 396 740; x_wconf 92' lang='lat' dir='ltr'><strong>non</strong></span> <span class='ocrx_word' id='word_1_16' title='bbox 420 676 583 740; x_wconf 78' lang='lat' dir='ltr'><strong>intellexit</strong></span> <span class='ocrx_word' id='word_1_17' title='bbox 605 677 766 757; x_wconf 83' lang='lat' dir='ltr'><strong>Ritterus,</strong></span> <span class='ocrx_word' id='word_1_18' title='bbox 795 676 840 738; x_wconf 91' lang='lat' dir='ltr'><strong>ita</strong></span> <span class='ocrx_word' id='word_1_19' title='bbox 862 675 968 739; x_wconf 91' lang='lat' dir='ltr'><strong>minus</strong></span> <span class='ocrx_word' id='word_1_20' title='bbox 991 686 1078 741; x_wconf 90' lang='lat' dir='ltr'><strong>recte</strong></span> <span class='ocrx_word' id='word_1_21' title='bbox 1099 679 1254 765; x_wconf 91' lang='lat' dir='ltr'><strong>interpre-</strong></span> 
     </span>
     <span class='ocr_line' id='line_1_4' title="bbox 143 776 1252 867; baseline 0.005 -29"><span class='ocrx_word' id='word_1_22' title='bbox 143 783 231 838; x_wconf 90' lang='lat' dir='ltr'><strong>tatus</strong></span> <span class='ocrx_word' id='word_1_23' title='bbox 253 784 312 857; x_wconf 90' lang='lat' dir='ltr'><strong>est,</strong></span> <span class='ocrx_word' id='word_1_24' title='bbox 330 788 556 862; x_wconf 80' lang='lat' dir='ltr'><strong>quamtamen</strong></span> <span class='ocrx_word' id='word_1_25' title='bbox 575 777 711 840; x_wconf 79' lang='lat' dir='ltr'>meliora</span> <span class='ocrx_word' id='word_1_26' title='bbox 725 776 860 839; x_wconf 89' lang='lat' dir='ltr'><strong>edocere</strong></span> <span class='ocrx_word' id='word_1_27' title='bbox 882 784 1032 861; x_wconf 79' lang='lat' dir='ltr'>poterant</span> <span class='ocrx_word' id='word_1_28' title='bbox 1048 778 1097 842; x_wconf 79' lang='lat' dir='ltr'><strong>ab</strong></span> <span class='ocrx_word' id='word_1_29' title='bbox 1112 780 1184 864; x_wconf 90' lang='lat' dir='ltr'><strong>ipso</strong></span> <span class='ocrx_word' id='word_1_30' title='bbox 1198 802 1252 867; x_wconf 91' lang='lat' dir='ltr'><strong>ap-</strong></span> 
     </span>
     <span class='ocr_line' id='line_1_5' title="bbox 145 869 1253 963; baseline 0.007 -26"><span class='ocrx_word' id='word_1_31' title='bbox 145 876 270 960; x_wconf 89' lang='lat' dir='ltr'><strong>positus</strong></span> <span class='ocrx_word' id='word_1_32' title='bbox 300 877 399 941; x_wconf 89' lang='lat' dir='ltr'><strong>schol.</strong></span> <span class='ocrx_word' id='word_1_33' title='bbox 424 877 518 941; x_wconf 92' lang='lat' dir='ltr'><strong>Pind.</strong></span> <span class='ocrx_word' id='word_1_34' title='bbox 542 878 594 940; x_wconf 90' lang='lat' dir='ltr'><strong>Ol.</strong></span> <span class='ocrx_word' id='word_1_35' title='bbox 619 869 649 939; x_wconf 87' lang='lat' dir='ltr'>V</span> <span class='ocrx_word' id='word_1_36' title='bbox 670 882 710 940; x_wconf 83' lang='lat'><strong>55</strong></span> <span class='ocrx_word' id='word_1_37' title='bbox 730 887 762 940; x_wconf 89' lang='lat' dir='ltr'><strong>et</strong></span> <span class='ocrx_word' id='word_1_38' title='bbox 777 877 920 963; x_wconf 89' lang='lat' dir='ltr'><strong>Hesych.</strong></span> <span class='ocrx_word' id='word_1_39' title='bbox 945 876 1150 963; x_wconf 77' lang='grc' dir='ltr'><strong><em>ἐναροφόοοι</em></strong></span> <span class='ocrx_word' id='word_1_40' title='bbox 1168 905 1253 945; x_wconf 87' lang='grc' dir='ltr'><strong><em>κυν-</em></strong></span> 
     </span>
     <span class='ocr_line' id='line_1_6' title="bbox 145 975 1253 1064; baseline 0.006 -25"><span class='ocrx_word' id='word_1_41' title='bbox 145 975 239 1058; x_wconf 76' lang='grc' dir='ltr'><strong>οάλη.</strong></span> <span class='ocrx_word' id='word_1_42' title='bbox 283 976 444 1041; x_wconf 85' lang='lat' dir='ltr'><strong>Nimirum</strong></span> <span class='ocrx_word' id='word_1_43' title='bbox 467 980 500 1039; x_wconf 93' lang='lat' dir='ltr'><strong>in</strong></span> <span class='ocrx_word' id='word_1_44' title='bbox 523 976 624 1041; x_wconf 89' lang='lat' dir='ltr'><strong>schol.</strong></span> <span class='ocrx_word' id='word_1_45' title='bbox 651 977 721 1041; x_wconf 82' lang='lat'><strong>00.</strong></span> <span class='ocrx_word' id='word_1_46' title='bbox 745 981 807 1044; x_wconf 80' lang='lat'><strong>388</strong></span> <span class='ocrx_word' id='word_1_47' title='bbox 828 978 931 1043; x_wconf 88' lang='lat' dir='ltr'><strong>verba</strong></span> <span class='ocrx_word' id='word_1_48' title='bbox 952 976 1101 1064; x_wconf 76' lang='grc' dir='ltr'><strong><em>χρησμός</em></strong></span> <span class='ocrx_word' id='word_1_49' title='bbox 1120 1021 1164 1033; x_wconf 80' lang='lat'>-</span> <span class='ocrx_word' id='word_1_50' title='bbox 1185 978 1253 1064; x_wconf 77' lang='grc' dir='ltr'><strong>χώ-</strong></span> 
     </span>
     <span class='ocr_line' id='line_1_7' title="bbox 144 1078 1251 1165; baseline 0.005 -25"><span class='ocrx_word' id='word_1_51' title='bbox 144 1100 204 1159; x_wconf 82' lang='grc' dir='ltr'><strong>ρας</strong></span> <span class='ocrx_word' id='word_1_52' title='bbox 235 1099 255 1140; x_wconf 93' lang='lat' dir='ltr'><strong>a</strong></span> <span class='ocrx_word' id='word_1_53' title='bbox 277 1078 435 1143; x_wconf 85' lang='lat' dir='ltr'><strong>nobiliore</strong></span> <span class='ocrx_word' id='word_1_54' title='bbox 457 1079 597 1165; x_wconf 90' lang='lat' dir='ltr'><strong>quodam</strong></span> <span class='ocrx_word' id='word_1_55' title='bbox 624 1081 852 1162; x_wconf 89' lang='lat' dir='ltr'><strong>grammatico,</strong></span> <span class='ocrx_word' id='word_1_56' title='bbox 880 1078 1020 1144; x_wconf 84' lang='lat' dir='ltr'><strong>fortasse</strong></span> <span class='ocrx_word' id='word_1_57' title='bbox 1050 1083 1251 1165; x_wconf 83' lang='lat' dir='ltr'><strong>Aristarcho,</strong></span> 
     </span>
     <span class='ocr_line' id='line_1_8' title="bbox 143 1177 1251 1268; baseline 0.005 -28"><span class='ocrx_word' id='word_1_58' title='bbox 143 1181 177 1240; x_wconf 92' lang='lat' dir='ltr'><strong>in</strong></span> <span class='ocrx_word' id='word_1_59' title='bbox 195 1180 286 1242; x_wconf 90' lang='lat' dir='ltr'><strong>cuius</strong></span> <span class='ocrx_word' id='word_1_60' title='bbox 309 1177 411 1241; x_wconf 91' lang='lat' dir='ltr'><strong>verba</strong></span> <span class='ocrx_word' id='word_1_61' title='bbox 427 1178 544 1266; x_wconf 86' lang='lat' dir='ltr'><strong>reliqui</strong></span> <span class='ocrx_word' id='word_1_62' title='bbox 566 1181 712 1243; x_wconf 90' lang='lat' dir='ltr'><strong>iurarent</strong></span> <span class='ocrx_word' id='word_1_63' title='bbox 734 1202 861 1262; x_wconf 91' lang='lat' dir='ltr'><strong>omnes,</strong></span> <span class='ocrx_word' id='word_1_64' title='bbox 885 1181 1032 1267; x_wconf 89' lang='lat' dir='ltr'><strong>profecta</strong></span> <span class='ocrx_word' id='word_1_65' title='bbox 1054 1191 1145 1263; x_wconf 84' lang='lat' dir='ltr'><strong>sunt3</strong></span> <span class='ocrx_word' id='word_1_66' title='bbox 1168 1204 1251 1268; x_wconf 92' lang='lat' dir='ltr'><strong>quae</strong></span> 
     </span>
     <span class='ocr_line' id='line_1_9' title="bbox 143 1277 1251 1368; baseline 0.005 -27"><span class='ocrx_word' id='word_1_67' title='bbox 143 1289 320 1364; x_wconf 87' lang='lat' dir='ltr'><strong>sequuntur</strong></span> <span class='ocrx_word' id='word_1_68' title='bbox 354 1278 396 1342; x_wconf 88' lang='lat' dir='ltr'><strong>ab</strong></span> <span class='ocrx_word' id='word_1_69' title='bbox 431 1277 623 1364; x_wconf 79' lang='grc' dir='ltr'><strong><em>ἐβουλόμην</em></strong></span> <span class='ocrx_word' id='word_1_70' title='bbox 649 1319 692 1330; x_wconf 89' lang='lat'><strong>—-</strong></span> <span class='ocrx_word' id='word_1_71' title='bbox 722 1285 866 1362; x_wconf 80' lang='grc' dir='ltr'><strong><em>ποιητοῦ</em></strong></span> <span class='ocrx_word' id='word_1_72' title='bbox 894 1284 1074 1368; x_wconf 90' lang='lat' dir='ltr'><strong>Didymum</strong></span> <span class='ocrx_word' id='word_1_73' title='bbox 1111 1284 1251 1368; x_wconf 89' lang='lat' dir='ltr'><strong>sapiunt,</strong></span> 
     </span>
     <span class='ocr_line' id='line_1_10' title="bbox 141 1377 1248 1469; baseline 0.002 -26"><span class='ocrx_word' id='word_1_74' title='bbox 141 1381 195 1466; x_wconf 90' lang='lat' dir='ltr'><strong>qui</strong></span> <span class='ocrx_word' id='word_1_75' title='bbox 219 1381 317 1441; x_wconf 91' lang='lat' dir='ltr'><strong>etiam</strong></span> <span class='ocrx_word' id='word_1_76' title='bbox 339 1401 391 1463; x_wconf 89' lang='lat' dir='ltr'><strong>ap.</strong></span> <span class='ocrx_word' id='word_1_77' title='bbox 406 1379 506 1444; x_wconf 89' lang='lat' dir='ltr'><strong>schol.</strong></span> <span class='ocrx_word' id='word_1_78' title='bbox 530 1378 629 1465; x_wconf 85' lang='lat' dir='ltr'><strong>Soph.</strong></span> <span class='ocrx_word' id='word_1_79' title='bbox 644 1380 711 1445; x_wconf 78' lang='lat' dir='ltr'><strong>OC.</strong></span> <span class='ocrx_word' id='word_1_80' title='bbox 736 1385 814 1445; x_wconf 84' lang='grc'><strong>1503</strong></span> <span class='ocrx_word' id='word_1_81' title='bbox 838 1385 984 1469; x_wconf 91' lang='lat' dir='ltr'><strong>queritur</strong></span> <span class='ocrx_word' id='word_1_82' title='bbox 1007 1377 1248 1466; x_wconf 54' lang='grc' dir='ltr'><strong>(ἀμάρτυρον)</strong></span> 
     </span>
     <span class='ocr_line' id='line_1_11' title="bbox 142 1474 1249 1570; baseline 0.005 -27"><span class='ocrx_word' id='word_1_83' title='bbox 142 1480 210 1543; x_wconf 82' lang='lat'><strong>00.</strong></span> <span class='ocrx_word' id='word_1_84' title='bbox 232 1481 294 1541; x_wconf 84' lang='lat'><strong>390</strong></span> <span class='ocrx_word' id='word_1_85' title='bbox 319 1474 452 1557; x_wconf 82' lang='grc' dir='ltr'><strong><em>εὐσοίας</em></strong></span> <span class='ocrx_word' id='word_1_86' title='bbox 473 1482 561 1545; x_wconf 92' lang='lat' dir='ltr'><strong>idem</strong></span> <span class='ocrx_word' id='word_1_87' title='bbox 576 1480 785 1545; x_wconf 81' lang='lat' dir='ltr'><strong>Aristarchus</strong></span> <span class='ocrx_word' id='word_1_88' title='bbox 805 1485 940 1569; x_wconf 85' lang='lat' dir='ltr'><strong>eiusque</strong></span> <span class='ocrx_word' id='word_1_89' title='bbox 956 1483 1107 1570; x_wconf 90' lang='lat' dir='ltr'><strong>discipuli</strong></span> <span class='ocrx_word' id='word_1_90' title='bbox 1128 1493 1160 1547; x_wconf 88' lang='lat' dir='ltr'><strong>et</strong></span> <span class='ocrx_word' id='word_1_91' title='bbox 1177 1506 1249 1569; x_wconf 92' lang='lat' dir='ltr'><strong>pro·</strong></span> 
     </span>
     <span class='ocr_line' id='line_1_12' title="bbox 141 1579 1248 1668; baseline 0.005 -25"><span class='ocrx_word' id='word_1_92' title='bbox 141 1579 237 1644; x_wconf 88' lang='lat' dir='ltr'><strong>basse</strong></span> <span class='ocrx_word' id='word_1_93' title='bbox 270 1589 302 1644; x_wconf 92' lang='lat' dir='ltr'><strong>et</strong></span> <span class='ocrx_word' id='word_1_94' title='bbox 333 1581 530 1667; x_wconf 79' lang='lat' dir='ltr'><strong>explicuisse</strong></span> <span class='ocrx_word' id='word_1_95' title='bbox 552 1582 704 1646; x_wconf 90' lang='lat' dir='ltr'><strong>videntur</strong></span> <span class='ocrx_word' id='word_1_96' title='bbox 731 1581 858 1668; x_wconf 76' lang='lat' dir='ltr'><strong>(Hes),</strong></span> <span class='ocrx_word' id='word_1_97' title='bbox 888 1583 957 1648; x_wconf 77' lang='lat'><strong>00.</strong></span> <span class='ocrx_word' id='word_1_98' title='bbox 981 1587 1037 1648; x_wconf 83' lang='lat'><strong>681</strong></span> <span class='ocrx_word' id='word_1_99' title='bbox 1069 1606 1147 1648; x_wconf 88' lang='lat' dir='ltr'><strong>vero</strong></span> <span class='ocrx_word' id='word_1_100' title='bbox 1169 1586 1248 1648; x_wconf 91' lang='lat' dir='ltr'><strong>inte·</strong></span> 
     </span>
     <span class='ocr_line' id='line_1_13' title="bbox 141 1681 1247 1769; baseline 0.005 -26"><span class='ocrx_word' id='word_1_101' title='bbox 141 1704 236 1765; x_wconf 90' lang='lat' dir='ltr'><strong>grum</strong></span> <span class='ocrx_word' id='word_1_102' title='bbox 258 1702 301 1744; x_wconf 81' lang='lat' dir='ltr'><strong>ex</strong></span> <span class='ocrx_word' id='word_1_103' title='bbox 315 1683 566 1767; x_wconf 14' lang='lat' dir='ltr'><strong>*hypomnemate</strong></span> <span class='ocrx_word' id='word_1_104' title='bbox 583 1684 721 1769; x_wconf 86' lang='lat' dir='ltr'><strong>Didymi</strong></span> <span class='ocrx_word' id='word_1_105' title='bbox 743 1681 848 1765; x_wconf 83' lang='lat' dir='ltr'><strong>fluxit,</strong></span> <span class='ocrx_word' id='word_1_106' title='bbox 873 1684 1073 1766; x_wconf 88' lang='lat' dir='ltr'><strong>iungendum</strong></span> <span class='ocrx_word' id='word_1_107' title='bbox 1094 1707 1166 1748; x_wconf 92' lang='lat' dir='ltr'><strong>cum</strong></span> <span class='ocrx_word' id='word_1_108' title='bbox 1178 1685 1247 1748; x_wconf 82' lang='lat'><strong>00.</strong></span> 
     </span>
     <span class='ocr_line' id='line_1_14' title="bbox 140 1781 1249 1870; baseline 0.001 -25"><span class='ocrx_word' id='word_1_109' title='bbox 140 1784 212 1846; x_wconf 86' lang='grc'><strong>684.</strong></span> <span class='ocrx_word' id='word_1_110' title='bbox 258 1782 365 1845; x_wconf 77' lang='lat' dir='ltr'><strong>Affert</strong></span> <span class='ocrx_word' id='word_1_111' title='bbox 391 1782 556 1868; x_wconf 89' lang='lat' dir='ltr'><strong>Didymus</strong></span> <span class='ocrx_word' id='word_1_112' title='bbox 595 1781 962 1870; x_wconf 85' lang='lat' dir='ltr'><strong>hypomnematistarum</strong></span> <span class='ocrx_word' id='word_1_113' title='bbox 989 1784 1092 1848; x_wconf 90' lang='lat' dir='ltr'><strong>verba</strong></span> <span class='ocrx_word' id='word_1_114' title='bbox 1126 1784 1202 1848; x_wconf 93' lang='lat' dir='ltr'><strong>inde</strong></span> <span class='ocrx_word' id='word_1_115' title='bbox 1229 1805 1249 1846; x_wconf 91' lang='lat' dir='ltr'><strong>a</strong></span> 
     </span>
     <span class='ocr_line' id='line_1_15' title="bbox 140 1876 1249 1971; baseline 0.002 -26"><span class='ocrx_word' id='word_1_116' title='bbox 140 1885 199 1964; x_wconf 83' lang='grc' dir='ltr'><strong>τῆς</strong></span> <span class='ocrx_word' id='word_1_117' title='bbox 226 1879 473 1966; x_wconf 80' lang='grc' dir='ltr'><strong><em>Δήμητρος-</em></strong></span> <span class='ocrx_word' id='word_1_118' title='bbox 499 1876 641 1965; x_wconf 78' lang='grc' dir='ltr'><strong><em>ἀνεῖται,</em></strong></span> <span class='ocrx_word' id='word_1_119' title='bbox 668 1883 710 1946; x_wconf 91' lang='lat' dir='ltr'><strong>ab</strong></span> <span class='ocrx_word' id='word_1_120' title='bbox 737 1879 792 1948; x_wconf 84' lang='grc' dir='ltr'><strong>ὅτε</strong></span> <span class='ocrx_word' id='word_1_121' title='bbox 821 1883 861 1948; x_wconf 79' lang='lat' dir='ltr'><strong>de&#39;</strong></span> <span class='ocrx_word' id='word_1_122' title='bbox 886 1885 963 1948; x_wconf 92' lang='lat' dir='ltr'><strong>inde</strong></span> <span class='ocrx_word' id='word_1_123' title='bbox 986 1886 1055 1971; x_wconf 92' lang='lat' dir='ltr'><strong>ipse</strong></span> <span class='ocrx_word' id='word_1_124' title='bbox 1080 1887 1249 1951; x_wconf 90' lang='lat' dir='ltr'><strong>continuat</strong></span> 
     </span>
     <span class='ocr_line' id='line_1_16' title="bbox 140 2005 665 2068; baseline 0 -22"><span class='ocrx_word' id='word_1_125' title='bbox 140 2005 331 2048; x_wconf 90' lang='lat' dir='ltr'><strong>sermonem.</strong></span> <span class='ocrx_word' id='word_1_126' title='bbox 662 2062 665 2068; x_wconf 23' lang='lat'><strong><em>¹</em></strong></span> 
     </span>
    </p>

    <p class='ocr_par' dir='ltr' id='par_1_3' title="bbox 68 2084 1248 4390">
     <span class='ocr_line' id='line_1_17' title="bbox 224 2084 1248 2168; baseline 0.002 -21"><span class='ocrx_word' id='word_1_127' title='bbox 224 2084 402 2150; x_wconf 81' lang='lat' dir='ltr'><strong>Difficilior</strong></span> <span class='ocrx_word' id='word_1_128' title='bbox 426 2085 595 2148; x_wconf 89' lang='lat' dir='ltr'><strong>enucleatu</strong></span> <span class='ocrx_word' id='word_1_129' title='bbox 624 2105 676 2147; x_wconf 92' lang='lat' dir='ltr'><strong>res</strong></span> <span class='ocrx_word' id='word_1_130' title='bbox 703 2094 766 2168; x_wconf 92' lang='lat' dir='ltr'><strong>est,</strong></span> <span class='ocrx_word' id='word_1_131' title='bbox 790 2086 869 2149; x_wconf 91' lang='lat' dir='ltr'><strong>Pius</strong></span> <span class='ocrx_word' id='word_1_132' title='bbox 896 2087 1144 2151; x_wconf 89' lang='lat' dir='ltr'><strong>scholiastarum</strong></span> <span class='ocrx_word' id='word_1_133' title='bbox 1165 2086 1248 2150; x_wconf 88' lang='lat' dir='ltr'><strong>alter</strong></span> 
     </span>
     <span class='ocr_line' id='line_1_18' title="bbox 141 2184 1247 2274; baseline 0.001 -25"><span class='ocrx_word' id='word_1_134' title='bbox 141 2186 214 2250; x_wconf 88' lang='lat' dir='ltr'><strong>fons</strong></span> <span class='ocrx_word' id='word_1_135' title='bbox 241 2186 319 2273; x_wconf 92' lang='lat' dir='ltr'><strong>quid</strong></span> <span class='ocrx_word' id='word_1_136' title='bbox 347 2184 538 2272; x_wconf 81' lang='lat' dir='ltr'><strong>scripserit?</strong></span> <span class='ocrx_word' id='word_1_137' title='bbox 581 2185 665 2249; x_wconf 87' lang='lat' dir='ltr'><strong>Nam</strong></span> <span class='ocrx_word' id='word_1_138' title='bbox 692 2208 734 2250; x_wconf 92' lang='lat' dir='ltr'><strong>ne</strong></span> <span class='ocrx_word' id='word_1_139' title='bbox 756 2187 838 2252; x_wconf 90' lang='lat' dir='ltr'><strong>illud</strong></span> <span class='ocrx_word' id='word_1_140' title='bbox 860 2188 991 2274; x_wconf 89' lang='lat' dir='ltr'><strong>quidem</strong></span> <span class='ocrx_word' id='word_1_141' title='bbox 1013 2196 1155 2270; x_wconf 88' lang='lat' dir='ltr'><strong>constat,</strong></span> <span class='ocrx_word' id='word_1_142' title='bbox 1183 2209 1247 2274; x_wconf 90' lang='lat' dir='ltr'><strong>qua</strong></span> 
     </span>
     <span class='ocr_line' id='line_1_19' title="bbox 140 2285 1247 2375; baseline 0 -25"><span class='ocrx_word' id='word_1_143' title='bbox 140 2286 193 2351; x_wconf 92' lang='lat' dir='ltr'><strong>hic</strong></span> <span class='ocrx_word' id='word_1_144' title='bbox 224 2295 329 2352; x_wconf 89' lang='lat' dir='ltr'><strong>aetate</strong></span> <span class='ocrx_word' id='word_1_145' title='bbox 359 2295 392 2351; x_wconf 91' lang='lat' dir='ltr'><strong>et</strong></span> <span class='ocrx_word' id='word_1_146' title='bbox 409 2285 465 2349; x_wconf 93' lang='lat' dir='ltr'><strong>ubi</strong></span> <span class='ocrx_word' id='word_1_147' title='bbox 490 2286 634 2350; x_wconf 90' lang='lat' dir='ltr'><strong>locorum</strong></span> <span class='ocrx_word' id='word_1_148' title='bbox 655 2288 791 2370; x_wconf 86' lang='lat' dir='ltr'><strong>vixerit,</strong></span> <span class='ocrx_word' id='word_1_149' title='bbox 827 2310 1022 2375; x_wconf 90' lang='lat' dir='ltr'><strong>quamquam</strong></span> <span class='ocrx_word' id='word_1_150' title='bbox 1046 2290 1247 2375; x_wconf 87' lang='lat' dir='ltr'><strong>comparanti</strong></span> 
     </span>
     <span class='ocr_line' id='line_1_20' title="bbox 141 2387 1246 2473; baseline 0 -22"><span class='ocrx_word' id='word_1_151' title='bbox 141 2388 219 2452; x_wconf 91' lang='lat' dir='ltr'><strong>mihi</strong></span> <span class='ocrx_word' id='word_1_152' title='bbox 250 2387 349 2452; x_wconf 90' lang='lat' dir='ltr'><strong>schol.</strong></span> <span class='ocrx_word' id='word_1_153' title='bbox 377 2387 497 2472; x_wconf 89' lang='lat' dir='ltr'><strong>Odyss.</strong></span> <span class='ocrx_word' id='word_1_154' title='bbox 528 2388 549 2450; x_wconf 82' lang='lat' dir='ltr'><strong>d</strong></span> <span class='ocrx_word' id='word_1_155' title='bbox 581 2389 643 2450; x_wconf 87' lang='grc'><strong>356</strong></span> <span class='ocrx_word' id='word_1_156' title='bbox 673 2389 781 2451; x_wconf 80' lang='grc'><strong>0372</strong></span> <span class='ocrx_word' id='word_1_157' title='bbox 808 2389 844 2473; x_wconf 80' lang='grc' dir='ltr'><strong>(ὃ</strong></span> <span class='ocrx_word' id='word_1_158' title='bbox 861 2390 917 2472; x_wconf 83' lang='grc'><strong>05)</strong></span> <span class='ocrx_word' id='word_1_159' title='bbox 951 2391 992 2452; x_wconf 90' lang='lat' dir='ltr'><strong>iis</strong></span> <span class='ocrx_word' id='word_1_160' title='bbox 1024 2388 1246 2454; x_wconf 90' lang='lat' dir='ltr'><strong>accensendus</strong></span> 
     </span>
     <span class='ocr_line' id='line_1_21' title="bbox 141 2486 1245 2574; baseline 0.001 -24"><span class='ocrx_word' id='word_1_161' title='bbox 141 2489 362 2571; x_wconf 81' lang='lat' dir='ltr'><strong>grammaticis</strong></span> <span class='ocrx_word' id='word_1_162' title='bbox 396 2509 467 2550; x_wconf 89' lang='lat' dir='ltr'><strong>esse</strong></span> <span class='ocrx_word' id='word_1_163' title='bbox 500 2486 644 2570; x_wconf 84' lang='lat' dir='ltr'><strong>videtur,</strong></span> <span class='ocrx_word' id='word_1_164' title='bbox 678 2489 734 2574; x_wconf 90' lang='lat' dir='ltr'><strong>qui</strong></span> <span class='ocrx_word' id='word_1_165' title='bbox 771 2496 893 2551; x_wconf 89' lang='lat' dir='ltr'><strong>certam</strong></span> <span class='ocrx_word' id='word_1_166' title='bbox 927 2487 1036 2551; x_wconf 89' lang='lat' dir='ltr'><strong>sedem</strong></span> <span class='ocrx_word' id='word_1_167' title='bbox 1071 2490 1245 2574; x_wconf 88' lang='lat' dir='ltr'><strong>aspernati,</strong></span> 
     </span>
     <span class='ocr_line' id='line_1_22' title="bbox 140 2586 1246 2675; baseline -0.001 -23"><span class='ocrx_word' id='word_1_168' title='bbox 140 2589 386 2675; x_wconf 83' lang='lat' dir='ltr'><strong>peregrinantes</strong></span> <span class='ocrx_word' id='word_1_169' title='bbox 409 2601 441 2652; x_wconf 92' lang='lat' dir='ltr'><strong>et</strong></span> <span class='ocrx_word' id='word_1_170' title='bbox 462 2587 642 2652; x_wconf 88' lang='lat' dir='ltr'><strong>scriberent</strong></span> <span class='ocrx_word' id='word_1_171' title='bbox 665 2598 697 2651; x_wconf 91' lang='lat' dir='ltr'><strong>et</strong></span> <span class='ocrx_word' id='word_1_172' title='bbox 716 2589 885 2668; x_wconf 86' lang='lat' dir='ltr'><strong>docerent,</strong></span> <span class='ocrx_word' id='word_1_173' title='bbox 908 2586 1019 2673; x_wconf 88' lang='lat' dir='ltr'><strong>quales</strong></span> <span class='ocrx_word' id='word_1_174' title='bbox 1041 2589 1138 2651; x_wconf 90' lang='lat' dir='ltr'><strong>etiam</strong></span> <span class='ocrx_word' id='word_1_175' title='bbox 1160 2589 1246 2674; x_wconf 92' lang='lat' dir='ltr'><strong>Apio</strong></span> 
     </span>
     <span class='ocr_line' id='line_1_23' title="bbox 140 2686 1245 2777; baseline -0.001 -25"><span class='ocrx_word' id='word_1_176' title='bbox 140 2699 173 2752; x_wconf 94' lang='lat' dir='ltr'><strong>et</strong></span> <span class='ocrx_word' id='word_1_177' title='bbox 199 2689 390 2754; x_wconf 83' lang='lat' dir='ltr'><strong>Alexander</strong></span> <span class='ocrx_word' id='word_1_178' title='bbox 416 2691 629 2777; x_wconf 84' lang='lat' dir='ltr'><strong>Cotyaeensis</strong></span> <span class='ocrx_word' id='word_1_179' title='bbox 659 2689 800 2753; x_wconf 86' lang='lat' dir='ltr'><strong>fuerunt.</strong></span> <span class='ocrx_word' id='word_1_180' title='bbox 857 2686 979 2767; x_wconf 79' lang='lat' dir='ltr'><strong>Quaeri</strong></span> <span class='ocrx_word' id='word_1_181' title='bbox 1007 2688 1105 2751; x_wconf 88' lang='lat' dir='ltr'><strong>etiam</strong></span> <span class='ocrx_word' id='word_1_182' title='bbox 1129 2698 1245 2774; x_wconf 89' lang='lat' dir='ltr'><strong>potest,</strong></span> 
     </span>
     <span class='ocr_line' id='line_1_24' title="bbox 140 2788 1244 2876; baseline 0 -23"><span class='ocrx_word' id='word_1_183' title='bbox 140 2791 224 2853; x_wconf 90' lang='lat' dir='ltr'><strong>sitne</strong></span> <span class='ocrx_word' id='word_1_184' title='bbox 255 2791 333 2854; x_wconf 93' lang='lat' dir='ltr'><strong>Pius</strong></span> <span class='ocrx_word' id='word_1_185' title='bbox 366 2792 420 2856; x_wconf 94' lang='lat' dir='ltr'><strong>hic</strong></span> <span class='ocrx_word' id='word_1_186' title='bbox 448 2814 468 2855; x_wconf 90' lang='lat' dir='ltr'><strong>a</strong></span> <span class='ocrx_word' id='word_1_187' title='bbox 495 2791 605 2856; x_wconf 84' lang='lat' dir='ltr'><strong>Cestio</strong></span> <span class='ocrx_word' id='word_1_188' title='bbox 626 2790 686 2854; x_wconf 93' lang='lat' dir='ltr'><strong>Pio</strong></span> <span class='ocrx_word' id='word_1_189' title='bbox 711 2789 840 2854; x_wconf 90' lang='lat' dir='ltr'><strong>rhetore</strong></span> <span class='ocrx_word' id='word_1_190' title='bbox 863 2788 1005 2869; x_wconf 83' lang='lat' dir='ltr'><strong>Graeco,</strong></span> <span class='ocrx_word' id='word_1_191' title='bbox 1039 2791 1131 2852; x_wconf 89' lang='lat' dir='ltr'><strong>cuius</strong></span> <span class='ocrx_word' id='word_1_192' title='bbox 1159 2789 1244 2876; x_wconf 90' lang='lat' dir='ltr'><strong>apud</strong></span> 
     </span>
     <span class='ocr_line' id='line_1_25' title="bbox 140 2890 1245 2974; baseline -0.002 -19"><span class='ocrx_word' id='word_1_193' title='bbox 140 2891 297 2955; x_wconf 87' lang='lat' dir='ltr'><strong>Senecam</strong></span> <span class='ocrx_word' id='word_1_194' title='bbox 319 2893 482 2958; x_wconf 90' lang='lat' dir='ltr'><strong>multoties</strong></span> <span class='ocrx_word' id='word_1_195' title='bbox 505 2896 625 2958; x_wconf 92' lang='lat' dir='ltr'><strong>mentio</strong></span> <span class='ocrx_word' id='word_1_196' title='bbox 647 2893 778 2955; x_wconf 90' lang='lat' dir='ltr'><strong>inicitur</strong></span> <span class='ocrx_word' id='word_1_197' title='bbox 799 2890 938 2953; x_wconf 85' lang='lat' dir='ltr'><strong>fortasse</strong></span> <span class='ocrx_word' id='word_1_198' title='bbox 959 2910 1025 2953; x_wconf 92' lang='lat' dir='ltr'><strong>non</strong></span> <span class='ocrx_word' id='word_1_199' title='bbox 1046 2891 1245 2974; x_wconf 88' lang='lat' dir='ltr'><strong>distinguen-</strong></span> 
     </span>
     <span class='ocr_line' id='line_1_26' title="bbox 141 2988 1245 3082; baseline -0.004 -26"><span class='ocrx_word' id='word_1_200' title='bbox 141 2993 217 3074; x_wconf 89' lang='lat' dir='ltr'><strong>dus,</strong></span> <span class='ocrx_word' id='word_1_201' title='bbox 239 3013 282 3054; x_wconf 88' lang='lat' dir='ltr'><strong>an</strong></span> <span class='ocrx_word' id='word_1_202' title='bbox 303 2996 434 3059; x_wconf 89' lang='lat' dir='ltr'><strong>natione</strong></span> <span class='ocrx_word' id='word_1_203' title='bbox 455 2995 601 3060; x_wconf 85' lang='lat' dir='ltr'><strong>Graecus</strong></span> <span class='ocrx_word' id='word_1_204' title='bbox 628 2995 767 3082; x_wconf 89' lang='lat' dir='ltr'><strong>patrium</strong></span> <span class='ocrx_word' id='word_1_205' title='bbox 790 3014 907 3056; x_wconf 89' lang='lat' dir='ltr'><strong>nomen</strong></span> <span class='ocrx_word' id='word_1_206' title='bbox 930 2991 1068 3056; x_wconf 85' lang='lat' dir='ltr'><strong>Eusebii</strong></span> <span class='ocrx_word' id='word_1_207' title='bbox 1089 3012 1162 3054; x_wconf 88' lang='lat' dir='ltr'><strong>curn</strong></span> <span class='ocrx_word' id='word_1_208' title='bbox 1183 2988 1245 3052; x_wconf 91' lang='lat' dir='ltr'><strong>La·</strong></span> 
     </span>
     <span class='ocr_line' id='line_1_27' title="bbox 139 3089 1245 3160; baseline -0.003 -4"><span class='ocrx_word' id='word_1_209' title='bbox 139 3095 208 3157; x_wconf 90' lang='lat' dir='ltr'><strong>tino</strong></span> <span class='ocrx_word' id='word_1_210' title='bbox 237 3095 367 3157; x_wconf 87' lang='lat' dir='ltr'><strong>nomine</strong></span> <span class='ocrx_word' id='word_1_211' title='bbox 401 3096 452 3159; x_wconf 91' lang='lat' dir='ltr'><strong>Pii</strong></span> <span class='ocrx_word' id='word_1_212' title='bbox 483 3098 668 3160; x_wconf 89' lang='lat' dir='ltr'><strong>mutaverit.</strong></span> <span class='ocrx_word' id='word_1_213' title='bbox 724 3093 878 3157; x_wconf 84' lang='lat' dir='ltr'><strong>Fortasse</strong></span> <span class='ocrx_word' id='word_1_214' title='bbox 910 3092 962 3155; x_wconf 91' lang='lat' dir='ltr'><strong>Pii</strong></span> <span class='ocrx_word' id='word_1_215' title='bbox 994 3101 1043 3157; x_wconf 90' lang='lat' dir='ltr'><strong>est</strong></span> <span class='ocrx_word' id='word_1_216' title='bbox 1075 3090 1175 3155; x_wconf 92' lang='lat' dir='ltr'><strong>schol.</strong></span> <span class='ocrx_word' id='word_1_217' title='bbox 1202 3089 1245 3153; x_wconf 86' lang='lat' dir='ltr'><strong>ad</strong></span> 
     </span>
     <span class='ocr_line' id='line_1_28' title="bbox 141 3192 1244 3284; baseline -0.002 -26"><span class='ocrx_word' id='word_1_218' title='bbox 141 3193 238 3281; x_wconf 84' lang='lat' dir='ltr'><strong>Soph.</strong></span> <span class='ocrx_word' id='word_1_219' title='bbox 258 3193 327 3259; x_wconf 79' lang='lat'><strong>00.</strong></span> <span class='ocrx_word' id='word_1_220' title='bbox 355 3201 434 3260; x_wconf 89' lang='grc'><strong>1047</strong></span> <span class='ocrx_word' id='word_1_221' title='bbox 458 3197 509 3261; x_wconf 87' lang='lat' dir='ltr'><strong>El.</strong></span> <span class='ocrx_word' id='word_1_222' title='bbox 533 3203 563 3261; x_wconf 96' lang='grc'><strong>4.</strong></span> <span class='ocrx_word' id='word_1_223' title='bbox 587 3203 617 3262; x_wconf 86' lang='grc'><strong>6.</strong></span> <span class='ocrx_word' id='word_1_224' title='bbox 642 3202 670 3284; x_wconf 85' lang='lat'><strong>7,</strong></span> <span class='ocrx_word' id='word_1_225' title='bbox 687 3215 802 3282; x_wconf 89' lang='lat' dir='ltr'><strong>neque,</strong></span> <span class='ocrx_word' id='word_1_226' title='bbox 826 3194 936 3258; x_wconf 91' lang='lat' dir='ltr'><strong>rhetor</strong></span> <span class='ocrx_word' id='word_1_227' title='bbox 948 3195 977 3257; x_wconf 88' lang='lat' dir='ltr'><strong>si</strong></span> <span class='ocrx_word' id='word_1_228' title='bbox 999 3194 1071 3275; x_wconf 85' lang='lat' dir='ltr'><strong>fuit,</strong></span> <span class='ocrx_word' id='word_1_229' title='bbox 1083 3192 1244 3280; x_wconf 89' lang='lat' dir='ltr'><strong>improba·</strong></span> 
     </span>
     <span class='ocr_line' id='line_1_29' title="bbox 140 3294 1244 3385; baseline -0.005 -26"><span class='ocrx_word' id='word_1_230' title='bbox 140 3295 250 3360; x_wconf 91' lang='lat' dir='ltr'><strong>biliter</strong></span> <span class='ocrx_word' id='word_1_231' title='bbox 278 3295 321 3360; x_wconf 87' lang='lat' dir='ltr'><strong>ab</strong></span> <span class='ocrx_word' id='word_1_232' title='bbox 355 3300 468 3364; x_wconf 89' lang='lat' dir='ltr'><strong>eodem</strong></span> <span class='ocrx_word' id='word_1_233' title='bbox 504 3300 662 3385; x_wconf 85' lang='lat' dir='ltr'><strong>originem</strong></span> <span class='ocrx_word' id='word_1_234' title='bbox 700 3297 818 3362; x_wconf 90' lang='lat' dir='ltr'><strong>ducere</strong></span> <span class='ocrx_word' id='word_1_235' title='bbox 858 3296 981 3360; x_wconf 87' lang='lat' dir='ltr'><strong>dixeris</strong></span> <span class='ocrx_word' id='word_1_236' title='bbox 1010 3316 1178 3382; x_wconf 89' lang='lat' dir='ltr'><strong>quaequae</strong></span> <span class='ocrx_word' id='word_1_237' title='bbox 1209 3294 1244 3354; x_wconf 94' lang='lat' dir='ltr'><strong>in</strong></span> 
     </span>
     <span class='ocr_line' id='line_1_30' title="bbox 141 3392 1243 3487; baseline -0.007 -27"><span class='ocrx_word' id='word_1_238' title='bbox 141 3396 254 3462; x_wconf 90' lang='lat' dir='ltr'><strong>scholl.</strong></span> <span class='ocrx_word' id='word_1_239' title='bbox 277 3398 337 3462; x_wconf 91' lang='lat' dir='ltr'><strong>La.</strong></span> <span class='ocrx_word' id='word_1_240' title='bbox 361 3399 523 3465; x_wconf 90' lang='lat' dir='ltr'><strong>rhetorem</strong></span> <span class='ocrx_word' id='word_1_241' title='bbox 545 3402 689 3487; x_wconf 89' lang='lat' dir='ltr'><strong>sapiunt,</strong></span> <span class='ocrx_word' id='word_1_242' title='bbox 714 3420 741 3463; x_wconf 91' lang='lat' dir='ltr'><strong>e.</strong></span> <span class='ocrx_word' id='word_1_243' title='bbox 754 3420 786 3481; x_wconf 88' lang='lat' dir='ltr'><strong>g.</strong></span> <span class='ocrx_word' id='word_1_244' title='bbox 805 3396 873 3462; x_wconf 79' lang='lat'><strong>00.</strong></span> <span class='ocrx_word' id='word_1_245' title='bbox 897 3399 969 3460; x_wconf 83' lang='lat'><strong>939.</strong></span> <span class='ocrx_word' id='word_1_246' title='bbox 991 3399 1063 3459; x_wconf 83' lang='lat'><strong>916.</strong></span> <span class='ocrx_word' id='word_1_247' title='bbox 1089 3398 1168 3457; x_wconf 80' lang='grc'>1254</span> <span class='ocrx_word' id='word_1_248' title='bbox 1189 3392 1243 3455; x_wconf 93' lang='lat' dir='ltr'><strong>Ai.</strong></span> 
     </span>
     <span class='ocr_line' id='line_1_31' title="bbox 68 3493 1243 3580; baseline -0.004 -20"><span class='ocrx_word' id='word_1_249' title='bbox 68 3554 71 3560; x_wconf 87' lang='lat'>.</span> <span class='ocrx_word' id='word_1_250' title='bbox 143 3502 224 3561; x_wconf 83' lang='lat'>1055</span> <span class='ocrx_word' id='word_1_251' title='bbox 255 3498 307 3563; x_wconf 79' lang='lat' dir='ltr'><strong>El.</strong></span> <span class='ocrx_word' id='word_1_252' title='bbox 338 3507 388 3566; x_wconf 79' lang='lat' dir='ltr'><strong>so.</strong></span> <span class='ocrx_word' id='word_1_253' title='bbox 420 3504 493 3567; x_wconf 79' lang='lat'><strong>526.</strong></span> <span class='ocrx_word' id='word_1_254' title='bbox 522 3504 594 3565; x_wconf 78' lang='lat' dir='ltr'><strong>sss.</strong></span> <span class='ocrx_word' id='word_1_255' title='bbox 612 3502 695 3564; x_wconf 81' lang='lat' dir='ltr'><strong>eos.</strong></span> <span class='ocrx_word' id='word_1_256' title='bbox 727 3500 799 3561; x_wconf 89' lang='grc'><strong>999.</strong></span> <span class='ocrx_word' id='word_1_257' title='bbox 831 3493 1243 3580; x_wconf 74' lang='lat' dir='ltr'><strong>rorarr.1rs(1s00r.).</strong></span> 
     </span>
     <span class='ocr_line' id='line_1_32' title="bbox 139 3595 1245 3686; baseline -0.005 -27"><span class='ocrx_word' id='word_1_258' title='bbox 139 3596 228 3662; x_wconf 91' lang='lat' dir='ltr'><strong>Dein</strong></span> <span class='ocrx_word' id='word_1_259' title='bbox 262 3621 335 3663; x_wconf 92' lang='lat' dir='ltr'><strong>cum</strong></span> <span class='ocrx_word' id='word_1_260' title='bbox 363 3601 593 3686; x_wconf 89' lang='lat' dir='ltr'><strong>Aristophanis</strong></span> <span class='ocrx_word' id='word_1_261' title='bbox 626 3599 829 3682; x_wconf 87' lang='lat' dir='ltr'><strong>grammatici</strong></span> <span class='ocrx_word' id='word_1_262' title='bbox 864 3597 904 3660; x_wconf 93' lang='lat' dir='ltr'><strong>de</strong></span> <span class='ocrx_word' id='word_1_263' title='bbox 936 3619 967 3659; x_wconf 88' lang='lat' dir='ltr'><strong>v.</strong></span> <span class='ocrx_word' id='word_1_264' title='bbox 996 3595 1245 3677; x_wconf 81' lang='grc' dir='ltr'><strong><em>μασχαλίσματα</em></strong></span> 
     </span>
     <span class='ocr_line' id='line_1_33' title="bbox 141 3691 1243 3785; baseline -0.004 -26"><span class='ocrx_word' id='word_1_265' title='bbox 141 3696 328 3762; x_wconf 89' lang='lat' dir='ltr'><strong>observatio</strong></span> <span class='ocrx_word' id='word_1_266' title='bbox 357 3722 377 3763; x_wconf 89' lang='lat' dir='ltr'><strong>a</strong></span> <span class='ocrx_word' id='word_1_267' title='bbox 398 3700 543 3785; x_wconf 92' lang='lat' dir='ltr'><strong>Didymo</strong></span> <span class='ocrx_word' id='word_1_268' title='bbox 570 3699 784 3781; x_wconf 88' lang='lat' dir='ltr'><strong>transscripta</strong></span> <span class='ocrx_word' id='word_1_269' title='bbox 806 3719 844 3760; x_wconf 93' lang='lat' dir='ltr'><strong>eo</strong></span> <span class='ocrx_word' id='word_1_270' title='bbox 865 3717 923 3760; x_wconf 89' lang='lat' dir='ltr'><strong>nos</strong></span> <span class='ocrx_word' id='word_1_271' title='bbox 944 3695 1058 3775; x_wconf 87' lang='lat' dir='ltr'><strong>ducat,</strong></span> <span class='ocrx_word' id='word_1_272' title='bbox 1087 3702 1123 3758; x_wconf 92' lang='lat' dir='ltr'><strong>ut</strong></span> <span class='ocrx_word' id='word_1_273' title='bbox 1142 3691 1243 3755; x_wconf 86' lang='lat' dir='ltr'><strong>schol.</strong></span> 
     </span>
     <span class='ocr_line' id='line_1_34' title="bbox 140 3793 1244 3879; baseline -0.004 -19"><span class='ocrx_word' id='word_1_274' title='bbox 140 3797 183 3862; x_wconf 90' lang='lat' dir='ltr'><strong>ad</strong></span> <span class='ocrx_word' id='word_1_275' title='bbox 210 3796 263 3860; x_wconf 89' lang='lat' dir='ltr'><strong>El.</strong></span> <span class='ocrx_word' id='word_1_276' title='bbox 290 3803 351 3860; x_wconf 92' lang='grc'><strong>445</strong></span> <span class='ocrx_word' id='word_1_277' title='bbox 381 3801 457 3865; x_wconf 93' lang='lat' dir='ltr'><strong>inde</strong></span> <span class='ocrx_word' id='word_1_278' title='bbox 482 3822 502 3863; x_wconf 91' lang='lat' dir='ltr'><strong>a</strong></span> <span class='ocrx_word' id='word_1_279' title='bbox 528 3799 638 3864; x_wconf 89' lang='lat' dir='ltr'><strong>verbis</strong></span> <span class='ocrx_word' id='word_1_280' title='bbox 666 3793 832 3861; x_wconf 76' lang='grc' dir='ltr'><strong><em>εἰώθεσαν</em></strong></span> <span class='ocrx_word' id='word_1_281' title='bbox 855 3796 890 3858; x_wconf 76' lang='grc' dir='ltr'><strong>οἱ</strong></span> <span class='ocrx_word' id='word_1_282' title='bbox 910 3796 1057 3876; x_wconf 73' lang='grc' dir='ltr'><strong><em>δρῶντες</em></strong></span> <span class='ocrx_word' id='word_1_283' title='bbox 1077 3814 1180 3879; x_wconf 88' lang='lat' dir='ltr'><strong>usque</strong></span> <span class='ocrx_word' id='word_1_284' title='bbox 1202 3793 1244 3856; x_wconf 90' lang='lat' dir='ltr'><strong>ad</strong></span> 
     </span>
     <span class='ocr_line' id='line_1_35' title="bbox 139 3888 1244 3985; baseline -0.005 -22"><span class='ocrx_word' id='word_1_285' title='bbox 139 3888 257 3980; x_wconf 74' lang='grc' dir='ltr'><strong><em>ἔλεγον</em></strong></span> <span class='ocrx_word' id='word_1_286' title='bbox 282 3899 324 3963; x_wconf 89' lang='lat' dir='ltr'><strong>ad</strong></span> <span class='ocrx_word' id='word_1_287' title='bbox 345 3899 481 3985; x_wconf 88' lang='lat' dir='ltr'><strong>Didymi</strong></span> <span class='ocrx_word' id='word_1_288' title='bbox 510 3898 727 3985; x_wconf 89' lang='lat' dir='ltr'><strong>hypomnema</strong></span> <span class='ocrx_word' id='word_1_289' title='bbox 748 3895 941 3976; x_wconf 87' lang='lat' dir='ltr'><strong>referamus,</strong></span> <span class='ocrx_word' id='word_1_290' title='bbox 971 3916 989 3958; x_wconf 92' lang='lat' dir='ltr'><strong>e</strong></span> <span class='ocrx_word' id='word_1_291' title='bbox 1011 3895 1064 3958; x_wconf 92' lang='lat' dir='ltr'><strong>Pii</strong></span> <span class='ocrx_word' id='word_1_292' title='bbox 1084 3916 1244 3959; x_wconf 89' lang='lat' dir='ltr'><strong>commen-</strong></span> 
     </span>
     <span class='ocr_line' id='line_1_36' title="bbox 139 3996 1243 4087; baseline -0.007 -22"><span class='ocrx_word' id='word_1_293' title='bbox 139 4001 222 4065; x_wconf 88' lang='lat' dir='ltr'><strong>tario</strong></span> <span class='ocrx_word' id='word_1_294' title='bbox 247 4001 318 4064; x_wconf 86' lang='lat' dir='ltr'><strong>fieri</strong></span> <span class='ocrx_word' id='word_1_295' title='bbox 343 4007 451 4087; x_wconf 87' lang='lat' dir='ltr'><strong>potest</strong></span> <span class='ocrx_word' id='word_1_296' title='bbox 481 4008 517 4063; x_wconf 90' lang='lat' dir='ltr'><strong>ut</strong></span> <span class='ocrx_word' id='word_1_297' title='bbox 545 3997 661 4063; x_wconf 89' lang='lat' dir='ltr'><strong>scholii</strong></span> <span class='ocrx_word' id='word_1_298' title='bbox 692 4018 767 4083; x_wconf 89' lang='lat' dir='ltr'><strong>pars</strong></span> <span class='ocrx_word' id='word_1_299' title='bbox 795 3997 953 4083; x_wconf 89' lang='lat' dir='ltr'><strong>posterior</strong></span> <span class='ocrx_word' id='word_1_300' title='bbox 981 3996 1171 4082; x_wconf 89' lang='lat' dir='ltr'><strong>deprompta</strong></span> <span class='ocrx_word' id='word_1_301' title='bbox 1192 3996 1243 4075; x_wconf 89' lang='lat' dir='ltr'><strong>sit,</strong></span> 
     </span>
     <span class='ocr_line' id='line_1_37' title="bbox 139 4094 1244 4188; baseline -0.006 -24"><span class='ocrx_word' id='word_1_302' title='bbox 139 4103 173 4165; x_wconf 90' lang='lat' dir='ltr'><strong>in</strong></span> <span class='ocrx_word' id='word_1_303' title='bbox 196 4124 259 4188; x_wconf 90' lang='lat' dir='ltr'><strong>quo</strong></span> <span class='ocrx_word' id='word_1_304' title='bbox 272 4100 466 4187; x_wconf 90' lang='lat' dir='ltr'><strong>Apollonius</strong></span> <span class='ocrx_word' id='word_1_305' title='bbox 489 4099 636 4164; x_wconf 90' lang='lat' dir='ltr'><strong>Rhodius</strong></span> <span class='ocrx_word' id='word_1_306' title='bbox 658 4098 707 4162; x_wconf 92' lang='lat' dir='ltr'><strong>IV</strong></span> <span class='ocrx_word' id='word_1_307' title='bbox 730 4103 790 4162; x_wconf 94' lang='grc'><strong>477</strong></span> <span class='ocrx_word' id='word_1_308' title='bbox 814 4099 1002 4163; x_wconf 85' lang='lat' dir='ltr'><strong>advocatur.</strong></span> <span class='ocrx_word' id='word_1_309' title='bbox 1034 4095 1147 4163; x_wconf 88' lang='lat' dir='ltr'><strong>Simile</strong></span> <span class='ocrx_word' id='word_1_310' title='bbox 1166 4094 1244 4180; x_wconf 92' lang='lat' dir='ltr'><strong>quid</strong></span> 
     </span>
     <span class='ocr_line' id='line_1_38' title="bbox 140 4194 1243 4287; baseline -0.006 -23"><span class='ocrx_word' id='word_1_311' title='bbox 140 4211 245 4267; x_wconf 89' lang='lat' dir='ltr'><strong>statuo</strong></span> <span class='ocrx_word' id='word_1_312' title='bbox 265 4203 306 4267; x_wconf 89' lang='lat' dir='ltr'><strong>de</strong></span> <span class='ocrx_word' id='word_1_313' title='bbox 326 4202 439 4267; x_wconf 90' lang='lat' dir='ltr'><strong>scholl.</strong></span> <span class='ocrx_word' id='word_1_314' title='bbox 462 4201 504 4266; x_wconf 90' lang='lat' dir='ltr'><strong>ad</strong></span> <span class='ocrx_word' id='word_1_315' title='bbox 529 4224 561 4265; x_wconf 88' lang='lat' dir='ltr'><strong>v.</strong></span> <span class='ocrx_word' id='word_1_316' title='bbox 586 4205 644 4263; x_wconf 87' lang='grc'><strong>711</strong></span> <span class='ocrx_word' id='word_1_317' title='bbox 670 4209 702 4265; x_wconf 90' lang='lat' dir='ltr'><strong>et</strong></span> <span class='ocrx_word' id='word_1_318' title='bbox 723 4204 800 4281; x_wconf 86' lang='grc'>745,</span> <span class='ocrx_word' id='word_1_319' title='bbox 823 4221 958 4287; x_wconf 91' lang='lat' dir='ltr'><strong>quorum</strong></span> <span class='ocrx_word' id='word_1_320' title='bbox 980 4198 1061 4264; x_wconf 92' lang='lat' dir='ltr'><strong>illud</strong></span> <span class='ocrx_word' id='word_1_321' title='bbox 1083 4220 1156 4262; x_wconf 92' lang='lat' dir='ltr'><strong>cum</strong></span> <span class='ocrx_word' id='word_1_322' title='bbox 1177 4194 1243 4258; x_wconf 89' lang='lat' dir='ltr'><strong>He-</strong></span> 
     </span>
     <span class='ocr_line' id='line_1_39' title="bbox 139 4295 1242 4390; baseline -0.005 -27"><span class='ocrx_word' id='word_1_323' title='bbox 139 4302 251 4387; x_wconf 88' lang='lat' dir='ltr'><strong>sychio</strong></span> <span class='ocrx_word' id='word_1_324' title='bbox 280 4305 469 4390; x_wconf 89' lang='lat' dir='ltr'><strong>conspirans</strong></span> <span class='ocrx_word' id='word_1_325' title='bbox 491 4303 652 4388; x_wconf 92' lang='lat' dir='ltr'><strong>Didymo,</strong></span> <span class='ocrx_word' id='word_1_326' title='bbox 679 4303 740 4368; x_wconf 90' lang='lat' dir='ltr'><strong>hoo</strong></span> <span class='ocrx_word' id='word_1_327' title='bbox 764 4301 824 4365; x_wconf 92' lang='lat' dir='ltr'><strong>Pio</strong></span> <span class='ocrx_word' id='word_1_328' title='bbox 846 4297 1088 4385; x_wconf 87' lang='lat' dir='ltr'><strong>adscripserim,</strong></span> <span class='ocrx_word' id='word_1_329' title='bbox 1111 4295 1242 4381; x_wconf 92' lang='lat' dir='ltr'><strong>Apollo·</strong></span> 
     </span>
    </p>

    <p class='ocr_par' dir='ltr' id='par_1_4' title="bbox 191 4395 1037 4469">
     <span class='ocr_line' id='line_1_40' title="bbox 191 4395 1037 4469; baseline 0.004 -4"><span class='ocrx_word' id='word_1_330' title='bbox 191 4424 349 4469; x_wconf 77' lang='lat' dir='ltr'><strong>nrnrrrus.</strong></span> <span class='ocrx_word' id='word_1_331' title='bbox 999 4395 1037 4457; x_wconf 78' lang='lat'><strong>18</strong></span> 
     </span>
    </p>
   </div>
   <div class='ocr_carea' id='block_1_3' title="bbox 0 0 1486 5018">
    <p class='ocr_par' dir='ltr' id='par_1_5' title="bbox 0 0 1486 5018">
     <span class='ocr_line' id='line_1_41' title="bbox 0 0 1486 5018; baseline 0 1"><span class='ocrx_word' id='word_1_332' title='bbox 0 0 1486 5018; x_wconf 95' lang='lat' dir='ltr'><strong> </strong></span> 
     </span>
    </p>
   </div>
  </div>
 </body>
</html>
