2964 5010
1210 372 1249 436 21

140 531 550 619 AristarchoDidymoque
561 531 768 617 dissentiens,
779 535 834 621 qui
845 536 917 601 lieri
928 539 1078 623 potuerit,
1089 549 1125 604 ut
1136 562 1251 607 vocem

143 630 332 719 δερμηοτής
360 633 538 720 significari
566 634 720 699 tineam
743 645 914 721 statueret,
943 641 977 702 in
995 641 1165 727 propatulo
1191 653 1249 709 est.

144 735 306 799 Nimirum
327 735 543 823 veriloquium
572 737 886 826 originationemque
908 734 1142 823 ἀπορουμένης
1164 742 1252 808 illius

144 837 261 914 λέξεως
281 838 456 922 aucupanti
475 859 549 903 cum
569 840 727 904 memoria
748 841 812 926 ipsi
833 841 1030 910 vocabulum
1045 844 1159 912 eadem
1176 854 1253 911 nota

144 940 305 1024 signatum
327 932 482 1022 ὥμηστής
503 941 741 1028 suppeditaret,
764 943 1006 1032 quodquidam
1029 948 1252 1037 grammatico

143 1063 213 1106 rum
235 1040 304 1105 fere
327 1042 470 1106 omnium
492 1063 654 1108 consensu
672 1067 690 1109 e
714 1044 850 1110 vocibus
879 1038 969 1129 ω’μός
991 1055 1023 1110 et
1044 1047 1110 1111 soe
1125 1069 1253 1134 compo-

141 1145 238 1209 situm
268 1164 340 1207 esse
364 1141 505 1227 legeret,
532 1145 640 1228 ipsum
669 1168 797 1233 quoque
819 1147 1002 1234 quaesitum
1024 1147 1107 1213 illud
1129 1149 1254 1233 dsppq-
1324 1217 1331 1228 ,

139 1241 218 1329 σνής
238 1244 384 1309 eiusdem
404 1241 549 1309 fabricae
571 1267 643 1311 esse
665 1247 821 1313 facillime
843 1249 908 1313 sibi
929 1251 1102 1335 persuasit.
1142 1252 1252 1338 Atque

139 1345 239 1413 habet
271 1345 418 1433 profecto
451 1345 514 1410 ista
549 1347 723 1415 derivandi
764 1352 848 1417 ratio
890 1351 1008 1439 quibua
1049 1374 1084 1418 se
1121 1360 1253 1417 tueatur

140 1450 289 1538 quamvis
316 1448 514 1535 paucissima
538 1450 696 1516 nonnulla
717 1462 826 1518 tamen
848 1453 936 1519 haud
957 1453 1122 1540 imperilia
1143 1475 1251 1519 exem-

139 1551 204 1639 pla.
239 1551 285 1617 Ut
303 1551 390 1616 enim
408 1550 544 1615 missum
565 1551 686 1617 faciam
701 1555 814 1619 tritum
833 1555 926 1639 illud,
948 1555 990 1620 de
1011 1575 1074 1642 quo
1099 1554 1252 1639 diximus,
1383 1558 1384 1561 ’

139 1648 309 1738 ὦμηστης,
337 1652 445 1739 quode
463 1652 587 1718 videsis
610 1664 653 1719 et.
676 1678 719 1718 m.
741 1658 803 1721 822
824 1656 931 1742 (745),
963 1655 1143 1720 Herodian.
1164 1678 1252 1742 pros.

29 1756 31 1759 ’
138 1757 178 1824 ΙΙ.
199 1760 229 1821 Λ
246 1759 308 1818 454
324 1752 360 1817 Χ
377 1755 417 1817 67
436 1776 468 1840 p.
485 1754 546 1818 266
567 1755 618 1820 ed.
635 1756 751 1821 Lehrs.
766 1757 882 1823 Lehrs.
902 1758 1003 1823 Arist.
1023 1755 1108 1821 stud.
1128 1779 1160 1843 p.
1181 1758 1252 1840 311,

138 1858 295 1945 anonymi
315 1855 495 1921 sententiae
517 1855 630 1923 favent
651 1860 791 1944 primum
810 1853 991 1944 ἀλφηστής,
1014 1858 1120 1945 quode
1136 1879 1252 1944 nuper-

138 1961 220 2026 rime
248 1958 435 2023 acutissime
463 1966 561 2046 atquc
587 1958 713 2025 erudite
741 1969 777 2024 ut
804 1959 888 2025 solet
919 1959 955 2024 Ο.
979 1959 1018 2024 F.
1042 1959 1251 2026 Hermannus

138 2063 313 2128 edisseruit
333 2060 370 2124 in
390 2059 507 2125 Philol.
532 2060 567 2125 II
589 2062 607 2123 3
629 2084 661 2148 p.
684 2064 832 2127 428-40
854 2064 933 2145 437,
963 2070 1033 2126 tum
1055 2061 1142 2147 quod
1163 2063 1251 2127 idem

137 2170 170 2229 in
185 2163 407 2229 testimonium
422 2163 572 2227 evocavit
586 2160 783 2228 vocabulum
796 2160 919 2247 νήστης
942 2162 1136 2250 (Herodian.
1153 2163 1249 2249 epim.

138 2266 210 2331 cod.
238 2264 314 2330 Par.
342 2266 426 2329 2630
452 2264 487 2328 in
508 2264 617 2329 Bekk.
641 2264 778 2330 anecdd.
801 2264 1016 2330 1111402A.
1039 2263 1167 2328 Wettin
1185 2264 1251 2329 He·

137 2368 264 2433 rodian.
287 2389 319 2453 p.
344 2367 384 2430 29
407 2364 610 2431 Schneidevv.
631 2366 753 2431 Simon.
782 2389 814 2454 p.
839 2369 928 2450 1⁶28),
956 2366 1097 2452 denique
1114 2369 1253 2450 βρωμη-

138 2462 217 2550 osric
245 2475 287 2532 et.
313 2490 356 2531 m.
385 2470 463 2552 215,
492 2471 532 2533 58
562 2463 786 2555 (χορτοφνὶγος
816 2469 921 2534 Piera.
948 2469 1052 2533 Moer.
1078 2491 1110 2555 p.
1138 2470 1178 2531 98
1196 2468 1251 2551 B).

139 2569 235 2651 Quod
257 2569 286 2634 si
307 2591 421 2634 verum
439 2570 524 2634 vidit
545 2591 745 2658 anonymus,
768 2591 880 2637 eorum
901 2567 997 2633 codd.
1017 2569 1252 2651 auctoritatem,

137 2673 194 2758 qui
225 2666 402 2755 (isopleuris
430 2669 602 2754 exhibent,
629 2664 821 2736 inferiorem
843 2691 915 2734 esse
942 2667 1127 2733 habendam
1150 2667 1253 2734 altera

138 2770 322 2857 δερμησνής
347 2775 382 2838 in
404 2781 518 2860 aperto
540 2782 606 2855 cst,
634 2793 778 2859 veroque
795 2772 944 2860 proxime
966 2771 1146 2835 accessisse
1167 2769 1250 2837 illud

138 2872 345 2940 librariorum
372 2897 449 2963 par,
478 2874 565 2962 quod
591 2868 791 2958 δερμαισνης
820 2874 851 2954 (l
866 2868 1066 2957 δερμηστης)
1095 2871 1149 2938 vel
1171 2872 1250 2956 dep-

138 2969 297 3076 μαῖισιής
313 2992 346 3058 Ιι.
359 3015 388 3058 e.
407 2989 635 3077 δερματησνής
652 2998 819 3059 exaravit:
833 3013 1028 3081 quamquam
1040 2991 1150 3057 nullus
1163 2994 1251 3080 equi·

137 3096 212 3162 dem
231 3094 343 3162 dubito
365 3096 445 3182 quin
466 3104 554 3161 recte
576 3095 785 3162 Hermannus
808 3095 829 3160 l.
847 3117 875 3161 c.
892 3092 1086 3161 iudicaverit
1103 3093 1155 3158 his
1171 3116 1250 3159 usus

136 3195 264 3262 verbis:
300 3196 416 3263 ‘Doch
447 3197 490 3262 ist
520 3219 554 3262 es
587 3198 671 3263 auch
701 3219 737 3262 so
765 3199 857 3264 nicht
882 3196 1001 3263 einmal
1022 3194 1157 3281 nocthig
1179 3196 1252 3258 eine

139 3298 334 3385 cigentliche
353 3320 497 3387 syncope
518 3301 752 3383 anzunehmen,
772 3322 828 3364 um
849 3321 907 3365 aus
926 3293 1009 3382 ἄλφι
1026 3297 1096 3363 und
1117 3298 1176 3363 der
1198 3319 1251 3362 en-

137 3399 229 3487 dung
257 3397 360 3485 ησνής
384 3401 437 3466 dic
459 3401 557 3467 Form
577 3397 750 3484 ἄλφησνής
768 3399 995 3486 hervorgehen
1016 3422 1057 3464 zu
1078 3398 1189 3463 lassen
1210 3436 1252 3446 -

137 3503 199 3566 wic
220 3501 323 3567 selbst
343 3502 402 3568 das
421 3501 518 3589 obige
539 3501 725 3588 δερμηστής
754 3503 838 3569 ohne
858 3499 1165 3567 dazwischenkunft
1187 3519 1252 3562 von

139 3603 367 3689 δερματηστης
399 3603 545 3691 gebildet
571 3607 644 3671 ist.’
690 3605 765 3687 Qua
795 3607 829 3670 in
853 3625 971 3669 caussa
993 3602 1125 3668 iuvabit
1155 3600 1252 3665 etiam

137 3706 393 3772 Valckenarium
420 3707 598 3773 contulisse
620 3709 663 3774 ad
685 3706 810 3772 Herod.
835 3704 921 3770 VIII
939 3707 990 3784 95,
1020 3712 1056 3766 ut
1078 3703 1173 3767 idem'
1186 3722 1253 3766 rno-

138 3808 237 3874 nebat
258 3810 372 3875 Herm.
395 3809 417 3875 l.
441 3832 469 3875 c.
489 3834 521 3896 p.
541 3814 614 3874 437.
660 3807 743 3889 Sed,
765 3816 801 3870 ut
820 3807 905 3868 hanc
925 3801 1078 3867 vocabuli
1098 3804 1252 3867 intrican-

137 3913 180 3977 tis
209 3914 461 3998 originationem
488 3922 577 3976 tuam
606 3910 739 3990 leceris,
774 3905 853 3994 quid
875 3905 939 3968 iam
960 3925 1082 3991 quaeso
1104 3903 1160 3968 fiet
1179 3906 1254 3971 voci

138 4011 441 4099 οακκοδερμιοτής,
473 4035 494 4077 a
518 4009 679 4096 Sophocle
706 4009 739 4072 in
762 4005 873 4073 Troilo
905 4013 1083 4093 usurpatae
1115 4008 1253 4072 testibus
1353 4066 1356 4072 .

138 4118 220 4183 Hcs.
243 4140 269 4183 s.
284 4141 317 4183 v.
337 4125 370 4182 et
384 4116 480 4181 Pbot.
504 4115 611 4195 497,3
634 4105 1063 4192 ῬΣακκοδερμησνής·
1087 4103 1170 4192 ὅφιν
1190 4106 1254 4175 σοι’-
1308 4132 1316 4162 ¹

137 4244 196 4298 κος
217 4221 306 4304 ἔχον,
327 4219 362 4284 ol
381 4217 418 4284 δὲ
440 4213 597 4300 σκώληκα
618 4209 772 4297 παρόσον
787 4208 964 4297 δερμιστὴς
979 4200 1088 4289 οὗτος.
1109 4211 1254 4296 ’βέλτιον

137 4320 175 4390 δὲ
199 4319 260 4388 τὸν
281 4323 431 4407 χαλκοῦν
452 4320 570 4401 ἔχοντα
590 4317 695 4402 δέρμα
713 4324 817 4380 νοεῖν.
852 4308 931 4380 ὡσεὶ
956 4316 1048 4399 ἔλεγε
1073 4317 1254 4398 χαλκοόερ-
