<?xml version="1.0" encoding="UTF-8"?>
<!DOCTYPE html PUBLIC "-//W3C//DTD XHTML 1.0 Transitional//EN"
    "http://www.w3.org/TR/xhtml1/DTD/xhtml1-transitional.dtd">
<html xmlns="http://www.w3.org/1999/xhtml" xml:lang="en" lang="en">
 <head>
  <title>
</title>
<meta http-equiv="Content-Type" content="text/html;charset=utf-8" />
  <meta name='ocr-system' content='tesseract 3.04.00' />
  <meta name='ocr-capabilities' content='ocr_page ocr_carea ocr_par ocr_line ocrx_word'/>
</head>
<body>
  <div class='ocr_page' id='page_1' title='image "./didymichalcente00schmgoog_0151.png"; bbox 0 0 2948 5024; ppageno 0'>
   <div class='ocr_carea' id='block_1_1' title="bbox 639 430 840 491">
    <p class='ocr_par' dir='ltr' id='par_1_1' title="bbox 639 430 840 491">
     <span class='ocr_line' id='line_1_1' title="bbox 639 430 840 491; baseline 0.005 -16"><span class='ocrx_word' id='word_1_1' title='bbox 639 430 840 491; x_wconf 70' lang='lat'><strong><em>‚0-</em></strong></span> 
     </span>
    </p>
   </div>
   <div class='ocr_carea' id='block_1_2' title="bbox 202 586 1411 2082">
    <p class='ocr_par' dir='ltr' id='par_1_2' title="bbox 202 586 1411 784">
     <span class='ocr_line' id='line_1_2' title="bbox 202 586 1411 683; baseline -0.006 -21"><span class='ocrx_word' id='word_1_2' title='bbox 202 598 241 662; x_wconf 85' lang='grc' dir='ltr'><strong><em>αί</em></strong></span> <span class='ocrx_word' id='word_1_3' title='bbox 259 597 294 662; x_wconf 80' lang='grc' dir='ltr'><strong><em>δὲ</em></strong></span> <span class='ocrx_word' id='word_1_4' title='bbox 316 590 511 679; x_wconf 87' lang='grc' dir='ltr'><strong><em>Ζηνοδότον</em></strong></span> <span class='ocrx_word' id='word_1_5' title='bbox 539 599 741 683; x_wconf 78' lang='grc' dir='ltr'><strong><em>πυρκαῑῇ,</em></strong></span> <span class='ocrx_word' id='word_1_6' title='bbox 766 594 823 660; x_wconf 83' lang='grc' dir='ltr'><strong><em>καὶ</em></strong></span> <span class='ocrx_word' id='word_1_7' title='bbox 850 596 920 660; x_wconf 82' lang='grc' dir='ltr'><strong><em>ἔστι</em></strong></span> <span class='ocrx_word' id='word_1_8' title='bbox 947 594 1178 678; x_wconf 75' lang='grc' dir='ltr'><strong><em>χαριέστερον,</em></strong></span> <span class='ocrx_word' id='word_1_9' title='bbox 1209 586 1255 669; x_wconf 81' lang='grc' dir='ltr'><strong><em>ιός</em></strong></span> <span class='ocrx_word' id='word_1_10' title='bbox 1281 588 1318 656; x_wconf 89' lang='grc' dir='ltr'><strong><em>τό</em></strong></span> <span class='ocrx_word' id='word_1_11' title='bbox 1405 586 1411 597; x_wconf 80' lang='grc'><strong>’</strong></span> 
     </span>
     <span class='ocr_line' id='line_1_3' title="bbox 203 692 1086 784; baseline -0.005 -20"><span class='ocrx_word' id='word_1_12' title='bbox 203 700 255 764; x_wconf 58' lang='grc' dir='ltr'><strong><em>(ἐν</em></strong></span> <span class='ocrx_word' id='word_1_13' title='bbox 276 695 314 762; x_wconf 72' lang='grc' dir='ltr'><strong><em>δὲ</em></strong></span> <span class='ocrx_word' id='word_1_14' title='bbox 332 701 424 780; x_wconf 80' lang='grc' dir='ltr'><strong><em>πυρῇ</em></strong></span> <span class='ocrx_word' id='word_1_15' title='bbox 442 692 554 783; x_wconf 83' lang='grc' dir='ltr'><strong><em>ὑπάτη</em></strong></span> <span class='ocrx_word' id='word_1_16' title='bbox 574 692 700 778; x_wconf 81' lang='grc' dir='ltr'><strong><em>νεκρόν</em></strong></span> <span class='ocrx_word' id='word_1_17' title='bbox 720 695 840 763; x_wconf 57' lang='grc' dir='ltr'><strong><em>θέσαν</em></strong></span> <span class='ocrx_word' id='word_1_18' title='bbox 861 698 918 783; x_wconf 78' lang='grc' dir='ltr'><strong><em>(Ψ</em></strong></span> <span class='ocrx_word' id='word_1_19' title='bbox 935 699 1021 784; x_wconf 91' lang='grc'><strong>165).</strong></span> <span class='ocrx_word' id='word_1_20' title='bbox 1043 699 1086 760; x_wconf 99' lang='lat' dir='ltr'><strong><em>A.</em></strong></span> 
     </span>
    </p>

    <p class='ocr_par' dir='ltr' id='par_1_3' title="bbox 202 792 1318 988">
     <span class='ocr_line' id='line_1_4' title="bbox 286 792 1318 883; baseline 0 -21"><span class='ocrx_word' id='word_1_21' title='bbox 286 801 360 864; x_wconf 93' lang='grc'><strong>436.</strong></span> <span class='ocrx_word' id='word_1_22' title='bbox 383 797 427 864; x_wconf 84' lang='grc' dir='ltr'><strong><em>ἐκ</em></strong></span> <span class='ocrx_word' id='word_1_23' title='bbox 449 800 615 864; x_wconf 89' lang='grc' dir='ltr'><strong><em>πεδίου·</em></strong></span> <span class='ocrx_word' id='word_1_24' title='bbox 643 799 682 863; x_wconf 78' lang='grc' dir='ltr'><strong><em>ἐν</em></strong></span> <span class='ocrx_word' id='word_1_25' title='bbox 702 801 744 883; x_wconf 81' lang='grc' dir='ltr'><strong><em>τῇ</em></strong></span> <span class='ocrx_word' id='word_1_26' title='bbox 764 792 847 863; x_wconf 85' lang='grc' dir='ltr'><strong><em>κατά</em></strong></span> <span class='ocrx_word' id='word_1_27' title='bbox 868 792 1092 881; x_wconf 75' lang='grc' dir='ltr'><strong><em>Ἀριστοφάνη</em></strong></span> <span class='ocrx_word' id='word_1_28' title='bbox 1113 792 1224 874; x_wconf 84' lang='grc' dir='ltr'><strong><em>ούτως</em></strong></span> <span class='ocrx_word' id='word_1_29' title='bbox 1244 797 1318 879; x_wconf 58' lang='lat' dir='ltr'><strong><em>&amp;yi-</em></strong></span> 
     </span>
     <span class='ocr_line' id='line_1_5' title="bbox 202 895 1149 988; baseline -0.005 -20"><span class='ocrx_word' id='word_1_30' title='bbox 202 923 332 988; x_wconf 80' lang='grc' dir='ltr'><strong><em>χραπτο</em></strong></span> <span class='ocrx_word' id='word_1_31' title='bbox 354 901 398 965; x_wconf 83' lang='grc' dir='ltr'><strong><em>ἐν</em></strong></span> <span class='ocrx_word' id='word_1_32' title='bbox 418 901 563 987; x_wconf 80' lang='grc' dir='ltr'><strong><em>πεδίφ·</em></strong></span> <span class='ocrx_word' id='word_1_33' title='bbox 585 900 642 965; x_wconf 78' lang='grc' dir='ltr'><strong><em>καὶ</em></strong></span> <span class='ocrx_word' id='word_1_34' title='bbox 662 899 790 984; x_wconf 80' lang='grc' dir='ltr'><strong><em>μήποτε</em></strong></span> <span class='ocrx_word' id='word_1_35' title='bbox 808 895 951 983; x_wconf 78' lang='grc' dir='ltr'><strong><em>ἄμεινον</em></strong></span> <span class='ocrx_word' id='word_1_36' title='bbox 971 902 1084 964; x_wconf 81' lang='grc' dir='ltr'><strong><em>τοῦτο.</em></strong></span> <span class='ocrx_word' id='word_1_37' title='bbox 1107 898 1149 963; x_wconf 84' lang='grc' dir='ltr'><strong><em>Α.</em></strong></span> 
     </span>
    </p>

    <p class='ocr_par' dir='ltr' id='par_1_4' title="bbox 203 997 1318 1269">
     <span class='ocr_line' id='line_1_6' title="bbox 288 997 1318 1085; baseline -0.002 -19"><span class='ocrx_word' id='word_1_38' title='bbox 288 1005 362 1066; x_wconf 92' lang='grc'><strong>443.</strong></span> <span class='ocrx_word' id='word_1_39' title='bbox 386 999 450 1084; x_wconf 79' lang='grc' dir='ltr'><strong><em>τήν</em></strong></span> <span class='ocrx_word' id='word_1_40' title='bbox 469 1007 538 1066; x_wconf 78' lang='grc' dir='ltr'><strong><em>τῶν</em></strong></span> <span class='ocrx_word' id='word_1_41' title='bbox 555 1007 651 1067; x_wconf 76' lang='grc' dir='ltr'><strong><em>θεῶν</em></strong></span> <span class='ocrx_word' id='word_1_42' title='bbox 665 998 795 1085; x_wconf 78' lang='grc' dir='ltr'><strong><em>ἀγοράν</em></strong></span> <span class='ocrx_word' id='word_1_43' title='bbox 810 997 961 1085; x_wconf 79' lang='grc' dir='ltr'><strong><em>ἠθίτουν</em></strong></span> <span class='ocrx_word' id='word_1_44' title='bbox 978 1002 1014 1066; x_wconf 77' lang='grc' dir='ltr'><strong><em>αι’</em></strong></span> <span class='ocrx_word' id='word_1_45' title='bbox 1029 1000 1106 1082; x_wconf 71' lang='grc' dir='ltr'><strong><em>περὶ</em></strong></span> <span class='ocrx_word' id='word_1_46' title='bbox 1124 999 1318 1084; x_wconf 76' lang='grc' dir='ltr'><strong><em>Ζηνόδοτον</em></strong></span> 
     </span>
     <span class='ocr_line' id='line_1_7' title="bbox 203 1097 1317 1188; baseline -0.002 -22"><span class='ocrx_word' id='word_1_47' title='bbox 203 1101 260 1166; x_wconf 80' lang='grc' dir='ltr'><strong><em>καὶ</em></strong></span> <span class='ocrx_word' id='word_1_48' title='bbox 277 1097 502 1187; x_wconf 74' lang='grc' dir='ltr'><strong><em>Ἀριστοφάνη</em></strong></span> <span class='ocrx_word' id='word_1_49' title='bbox 523 1104 579 1169; x_wconf 79' lang='grc' dir='ltr'><strong><em>καί</em></strong></span> <span class='ocrx_word' id='word_1_50' title='bbox 610 1098 714 1181; x_wconf 88' lang='grc' dir='ltr'><strong><em>αύτός</em></strong></span> <span class='ocrx_word' id='word_1_51' title='bbox 737 1099 958 1188; x_wconf 75' lang='grc' dir='ltr'><strong><em>Ἀρίσταρχος.</em></strong></span> <span class='ocrx_word' id='word_1_52' title='bbox 988 1103 1043 1188; x_wconf 71' lang='grc' dir='ltr'><strong><em>Α,</em></strong></span> <span class='ocrx_word' id='word_1_53' title='bbox 1066 1103 1110 1166; x_wconf 79' lang='lat' dir='ltr'><strong><em>ef.</em></strong></span> <span class='ocrx_word' id='word_1_54' title='bbox 1138 1101 1317 1166; x_wconf 82' lang='lat' dir='ltr'><strong>Duentzer.</strong></span> 
     </span>
     <span class='ocr_line' id='line_1_8' title="bbox 203 1203 436 1269; baseline -0.004 -1"><span class='ocrx_word' id='word_1_55' title='bbox 203 1203 328 1269; x_wconf 87' lang='lat' dir='ltr'><strong>Zenod.</strong></span> <span class='ocrx_word' id='word_1_56' title='bbox 374 1211 436 1268; x_wconf 86' lang='grc'><strong><em>,5.</em></strong></span> 
     </span>
    </p>

    <p class='ocr_par' dir='ltr' id='par_1_5' title="bbox 202 1230 1318 1478">
     <span class='ocr_line' id='line_1_9' title="bbox 287 1230 1318 1376; baseline -0.003 -23"><span class='ocrx_word' id='word_1_57' title='bbox 287 1230 371 1353; x_wconf 45' lang='lat'><strong><em>451?</em></strong></span> <span class='ocrx_word' id='word_1_58' title='bbox 391 1284 604 1373; x_wconf 72' lang='grc' dir='ltr'><strong><em>Ἀρίσταρχος</em></strong></span> <span class='ocrx_word' id='word_1_59' title='bbox 635 1286 757 1376; x_wconf 85' lang='grc' dir='ltr'><strong><em>ὅσην,</em></strong></span> <span class='ocrx_word' id='word_1_60' title='bbox 791 1286 887 1356; x_wconf 77' lang='grc' dir='ltr'><strong><em>ἄλλοι</em></strong></span> <span class='ocrx_word' id='word_1_61' title='bbox 919 1287 957 1355; x_wconf 72' lang='grc' dir='ltr'><strong><em>δὲ</em></strong></span> <span class='ocrx_word' id='word_1_62' title='bbox 993 1289 1041 1376; x_wconf 85' lang='lat' dir='ltr'><strong><em>(h.</em></strong></span> <span class='ocrx_word' id='word_1_63' title='bbox 1075 1311 1104 1352; x_wconf 89' lang='lat' dir='ltr'><strong><em>e.</em></strong></span> <span class='ocrx_word' id='word_1_64' title='bbox 1130 1288 1318 1353; x_wconf 84' lang='lat' dir='ltr'><strong>Zenodotus</strong></span> 
     </span>
     <span class='ocr_line' id='line_1_10' title="bbox 202 1386 592 1478; baseline 0.003 -25"><span class='ocrx_word' id='word_1_65' title='bbox 202 1400 287 1454; x_wconf 82' lang='lat' dir='ltr'><strong>teste</strong></span> <span class='ocrx_word' id='word_1_66' title='bbox 309 1390 393 1478; x_wconf 88' lang='lat' dir='ltr'>BL.)</span> <span class='ocrx_word' id='word_1_67' title='bbox 416 1386 526 1456; x_wconf 82' lang='grc' dir='ltr'><strong><em>ὅσον.</em></strong></span> <span class='ocrx_word' id='word_1_68' title='bbox 551 1394 592 1456; x_wconf 92' lang='lat' dir='ltr'><strong><em>A.</em></strong></span> 
     </span>
    </p>

    <p class='ocr_par' dir='ltr' id='par_1_6' title="bbox 202 1485 1318 1778">
     <span class='ocr_line' id='line_1_11' title="bbox 288 1485 1317 1576; baseline 0 -21"><span class='ocrx_word' id='word_1_69' title='bbox 288 1494 361 1556; x_wconf 83' lang='grc'><strong>452.</strong></span> <span class='ocrx_word' id='word_1_70' title='bbox 389 1495 465 1558; x_wconf 86' lang='grc' dir='ltr'><strong><em>τού</em></strong></span> <span class='ocrx_word' id='word_1_71' title='bbox 492 1489 526 1557; x_wconf 85' lang='grc' dir='ltr'><strong><em>δ’</em></strong></span> <span class='ocrx_word' id='word_1_72' title='bbox 562 1489 831 1576; x_wconf 75' lang='grc' dir='ltr'><strong><em>ἐπιλήσονται</em></strong></span> <span class='ocrx_word' id='word_1_73' title='bbox 861 1489 908 1557; x_wconf 92' lang='grc' dir='ltr'><strong><em>τό</em></strong></span> <span class='ocrx_word' id='word_1_74' title='bbox 937 1485 963 1557; x_wconf 88' lang='grc' dir='ltr'><strong><em>τ’</em></strong></span> <span class='ocrx_word' id='word_1_75' title='bbox 993 1488 1090 1575; x_wconf 74' lang='grc' dir='ltr'><strong><em>ἔχω’·</em></strong></span> <span class='ocrx_word' id='word_1_76' title='bbox 1123 1490 1225 1574; x_wconf 77' lang='grc' dir='ltr'><strong><em>χωρίς</em></strong></span> <span class='ocrx_word' id='word_1_77' title='bbox 1254 1494 1317 1555; x_wconf 83' lang='grc' dir='ltr'><strong><em>τοῦ</em></strong></span> 
     </span>
     <span class='ocr_line' id='line_1_12' title="bbox 202 1586 1318 1677; baseline 0 -21"><span class='ocrx_word' id='word_1_78' title='bbox 202 1616 239 1657; x_wconf 89' lang='grc' dir='ltr'><strong><em>τε</em></strong></span> <span class='ocrx_word' id='word_1_79' title='bbox 260 1593 298 1657; x_wconf 85' lang='grc' dir='ltr'><strong><em>ίν</em></strong></span> <span class='ocrx_word' id='word_1_80' title='bbox 318 1604 388 1669; x_wconf 82' lang='grc' dir='ltr'><strong><em>τοῖς</em></strong></span> <span class='ocrx_word' id='word_1_81' title='bbox 408 1586 626 1677; x_wconf 84' lang='grc' dir='ltr'><strong><em>Ἀριστάρχου</em></strong></span> <span class='ocrx_word' id='word_1_82' title='bbox 646 1588 684 1660; x_wconf 85' lang='grc' dir='ltr'><strong><em>τό</em></strong></span> <span class='ocrx_word' id='word_1_83' title='bbox 707 1591 796 1677; x_wconf 72' lang='grc' dir='ltr'><strong><em>ἔχω’.</em></strong></span> <span class='ocrx_word' id='word_1_84' title='bbox 819 1589 895 1658; x_wconf 88' lang='grc' dir='ltr'><strong><em>κατ’</em></strong></span> <span class='ocrx_word' id='word_1_85' title='bbox 919 1596 993 1658; x_wconf 79' lang='grc' dir='ltr'><strong><em>ἔνια</em></strong></span> <span class='ocrx_word' id='word_1_86' title='bbox 1014 1592 1052 1657; x_wconf 74' lang='grc' dir='ltr'><strong><em>δὲ</em></strong></span> <span class='ocrx_word' id='word_1_87' title='bbox 1071 1598 1139 1658; x_wconf 78' lang='grc' dir='ltr'><strong><em>τῶν</em></strong></span> <span class='ocrx_word' id='word_1_88' title='bbox 1162 1587 1318 1676; x_wconf 87' lang='grc' dir='ltr'><strong><em>ύπομνη-</em></strong></span> 
     </span>
     <span class='ocr_line' id='line_1_13' title="bbox 202 1688 607 1778; baseline 0 -20"><span class='ocrx_word' id='word_1_89' title='bbox 202 1692 318 1778; x_wconf 82' lang='grc' dir='ltr'><strong><em>μάτων</em></strong></span> <span class='ocrx_word' id='word_1_90' title='bbox 338 1690 382 1759; x_wconf 87' lang='grc' dir='ltr'><strong><em>τό</em></strong></span> <span class='ocrx_word' id='word_1_91' title='bbox 401 1688 435 1759; x_wconf 88' lang='grc' dir='ltr'><strong><em>δ’</em></strong></span> <span class='ocrx_word' id='word_1_92' title='bbox 458 1691 545 1778; x_wconf 73' lang='grc' dir='ltr'><strong><em>ἔχω’.</em></strong></span> <span class='ocrx_word' id='word_1_93' title='bbox 565 1696 607 1760; x_wconf 91' lang='lat' dir='ltr'><strong><em>A.</em></strong></span> 
     </span>
    </p>

    <p class='ocr_par' dir='ltr' id='par_1_7' title="bbox 288 1789 1211 1883">
     <span class='ocr_line' id='line_1_14' title="bbox 288 1789 1211 1883; baseline 0.002 -25"><span class='ocrx_word' id='word_1_94' title='bbox 288 1800 363 1859; x_wconf 88' lang='grc'><strong>475.</strong></span> <span class='ocrx_word' id='word_1_95' title='bbox 384 1790 596 1880; x_wconf 83' lang='grc' dir='ltr'><strong><em>Ἀρίσταρχος</em></strong></span> <span class='ocrx_word' id='word_1_96' title='bbox 614 1789 671 1862; x_wconf 86' lang='grc' dir='ltr'><strong><em>διά</em></strong></span> <span class='ocrx_word' id='word_1_97' title='bbox 692 1799 755 1883; x_wconf 88' lang='grc' dir='ltr'><strong><em>τού</em></strong></span> <span class='ocrx_word' id='word_1_98' title='bbox 777 1820 796 1861; x_wconf 95' lang='grc' dir='ltr'><strong><em>ο</em></strong></span> <span class='ocrx_word' id='word_1_99' title='bbox 818 1790 1139 1879; x_wconf 74' lang='grc' dir='ltr'><strong><em>ἀνδραπόδοισι.</em></strong></span> <span class='ocrx_word' id='word_1_100' title='bbox 1169 1798 1211 1862; x_wconf 91' lang='lat' dir='ltr'><strong><em>A.</em></strong></span> 
     </span>
    </p>

    <p class='ocr_par' dir='ltr' id='par_1_8' title="bbox 203 1895 1319 2082">
     <span class='ocr_line' id='line_1_15' title="bbox 288 1895 1319 1985; baseline 0.002 -25"><span class='ocrx_word' id='word_1_101' title='bbox 288 1901 363 1962; x_wconf 89' lang='grc'><strong>481.</strong></span> <span class='ocrx_word' id='word_1_102' title='bbox 391 1896 490 1979; x_wconf 82' lang='grc' dir='ltr'><strong><em>πρίν</em></strong></span> <span class='ocrx_word' id='word_1_103' title='bbox 513 1896 650 1962; x_wconf 77' lang='grc' dir='ltr'><strong><em>πιέειν</em></strong></span> <span class='ocrx_word' id='word_1_104' title='bbox 676 1897 776 1978; x_wconf 82' lang='grc' dir='ltr'><strong><em>πρίν</em></strong></span> <span class='ocrx_word' id='word_1_105' title='bbox 805 1903 952 1974; x_wconf 76' lang='grc' dir='ltr'><strong><em>λείψω·</em></strong></span> <span class='ocrx_word' id='word_1_106' title='bbox 983 1895 1193 1985; x_wconf 81' lang='grc' dir='ltr'><strong><em>Ἀρίσταρχος</em></strong></span> <span class='ocrx_word' id='word_1_107' title='bbox 1223 1897 1319 1963; x_wconf 84' lang='grc' dir='ltr'><strong><em>πιέ-</em></strong></span> 
     </span>
     <span class='ocr_line' id='line_1_16' title="bbox 203 1998 677 2082; baseline 0.002 -21"><span class='ocrx_word' id='word_1_108' title='bbox 203 2020 325 2081; x_wconf 90' lang='grc' dir='ltr'><strong><em>μεναι</em></strong></span> <span class='ocrx_word' id='word_1_109' title='bbox 346 1998 448 2082; x_wconf 83' lang='grc' dir='ltr'><strong><em>πρίν</em></strong></span> <span class='ocrx_word' id='word_1_110' title='bbox 466 2001 607 2075; x_wconf 71' lang='grc' dir='ltr'><strong><em>λείψω.</em></strong></span> <span class='ocrx_word' id='word_1_111' title='bbox 636 1999 677 2062; x_wconf 93' lang='lat' dir='ltr'><strong><em>A.</em></strong></span> 
     </span>
    </p>
   </div>
   <div class='ocr_carea' id='block_1_3' title="bbox 749 2162 789 2229">
    <p class='ocr_par' dir='ltr' id='par_1_9' title="bbox 749 2162 789 2229">
     <span class='ocr_line' id='line_1_17' title="bbox 749 2162 789 2229; baseline -0.025 0"><span class='ocrx_word' id='word_1_112' title='bbox 749 2162 789 2229; x_wconf 85' lang='grc' dir='ltr'><strong><em>Θ.</em></strong></span> 
     </span>
    </p>
   </div>
   <div class='ocr_carea' id='block_1_4' title="bbox 204 2276 1319 3499">
    <p class='ocr_par' dir='ltr' id='par_1_10' title="bbox 290 2276 1157 2376">
     <span class='ocr_line' id='line_1_18' title="bbox 290 2276 1157 2376; baseline 0.012 -28"><span class='ocrx_word' id='word_1_113' title='bbox 290 2290 320 2349; x_wconf 97' lang='grc'><strong><em>7.</em></strong></span> <span class='ocrx_word' id='word_1_114' title='bbox 339 2280 678 2371; x_wconf 80' lang='grc' dir='ltr'><strong><em>Ἀρίσταρχοςθεῶν.</em></strong></span> <span class='ocrx_word' id='word_1_115' title='bbox 703 2290 744 2353; x_wconf 92' lang='lat' dir='ltr'><strong><em>A.</em></strong></span> <span class='ocrx_word' id='word_1_116' title='bbox 791 2276 799 2288; x_wconf 71' lang='grc'><em>’</em></span> <span class='ocrx_word' id='word_1_117' title='bbox 1153 2346 1157 2376; x_wconf 85' lang='grc'><strong><em>,</em></strong></span> 
     </span>
    </p>

    <p class='ocr_par' dir='ltr' id='par_1_11' title="bbox 204 2383 1318 2574">
     <span class='ocr_line' id='line_1_19' title="bbox 293 2383 1318 2479; baseline 0.003 -28"><span class='ocrx_word' id='word_1_118' title='bbox 293 2393 342 2453; x_wconf 83' lang='grc'><strong><em>16.</em></strong></span> <span class='ocrx_word' id='word_1_119' title='bbox 373 2383 612 2454; x_wconf 80' lang='grc' dir='ltr'><strong><em>ἀπάνευθε·</em></strong></span> <span class='ocrx_word' id='word_1_120' title='bbox 643 2386 688 2454; x_wconf 65' lang='grc' dir='ltr'><strong><em>’ἐν</em></strong></span> <span class='ocrx_word' id='word_1_121' title='bbox 723 2395 764 2479; x_wconf 77' lang='grc' dir='ltr'><strong><em>τῇ</em></strong></span> <span class='ocrx_word' id='word_1_122' title='bbox 797 2387 1062 2476; x_wconf 87' lang='grc' dir='ltr'><strong><em>Ἀριστοφάνους</em></strong></span> <span class='ocrx_word' id='word_1_123' title='bbox 1094 2385 1318 2473; x_wconf 79' lang='grc' dir='ltr'><strong><em>ἀπάτερθε,</em></strong></span> 
     </span>
     <span class='ocr_line' id='line_1_20' title="bbox 204 2488 733 2574; baseline 0.008 -20"><span class='ocrx_word' id='word_1_124' title='bbox 204 2488 395 2573; x_wconf 82' lang='grc' dir='ltr'><strong><em>Ζηνόδοτος</em></strong></span> <span class='ocrx_word' id='word_1_125' title='bbox 416 2488 664 2574; x_wconf 85' lang='grc' dir='ltr'><strong><em>μετόπισθε.</em></strong></span> <span class='ocrx_word' id='word_1_126' title='bbox 691 2494 733 2558; x_wconf 90' lang='lat' dir='ltr'><strong><em>A.</em></strong></span> 
     </span>
    </p>

    <p class='ocr_par' dir='ltr' id='par_1_12' title="bbox 204 2588 1319 2882">
     <span class='ocr_line' id='line_1_21' title="bbox 289 2588 1319 2680; baseline 0.002 -24"><span class='ocrx_word' id='word_1_127' title='bbox 289 2595 340 2658; x_wconf 81' lang='lat'><strong><em>23.</em></strong></span> <span class='ocrx_word' id='word_1_128' title='bbox 357 2588 563 2678; x_wconf 89' lang='grc' dir='ltr'><strong><em>πρόφρων</em></strong></span> <span class='ocrx_word' id='word_1_129' title='bbox 577 2592 1010 2680; x_wconf 78' lang='grc' dir='ltr'><strong><em>ἐθίλοιμι·Ἀρίσταρχος</em></strong></span> <span class='ocrx_word' id='word_1_130' title='bbox 1028 2590 1085 2661; x_wconf 81' lang='grc' dir='ltr'><strong><em>διά</em></strong></span> <span class='ocrx_word' id='word_1_131' title='bbox 1103 2597 1165 2660; x_wconf 84' lang='grc' dir='ltr'><strong><em>τοῦ</em></strong></span> <span class='ocrx_word' id='word_1_132' title='bbox 1181 2617 1207 2658; x_wconf 88' lang='grc' dir='ltr'><strong><em>ω</em></strong></span> <span class='ocrx_word' id='word_1_133' title='bbox 1222 2593 1319 2660; x_wconf 80' lang='grc' dir='ltr'><strong><em>ἐθέ-</em></strong></span> 
     </span>
     <span class='ocr_line' id='line_1_22' title="bbox 205 2692 1319 2780; baseline -0.001 -21"><span class='ocrx_word' id='word_1_134' title='bbox 205 2699 320 2778; x_wconf 88' lang='grc' dir='ltr'><strong><em>λωμι.</em></strong></span> <span class='ocrx_word' id='word_1_135' title='bbox 364 2700 570 2779; x_wconf 84' lang='grc' dir='ltr'><strong><em>Πτολεμαῖος</em></strong></span> <span class='ocrx_word' id='word_1_136' title='bbox 592 2692 666 2764; x_wconf 74' lang='grc' dir='ltr'><strong><em>δὲό</em></strong></span> <span class='ocrx_word' id='word_1_137' title='bbox 690 2701 753 2763; x_wconf 88' lang='grc' dir='ltr'><strong><em>τού</em></strong></span> <span class='ocrx_word' id='word_1_138' title='bbox 771 2692 956 2780; x_wconf 90' lang='grc' dir='ltr'><strong><em>Ὀροάνδου</em></strong></span> <span class='ocrx_word' id='word_1_139' title='bbox 973 2694 1048 2762; x_wconf 77' lang='grc' dir='ltr'><strong><em>ἀντὶ</em></strong></span> <span class='ocrx_word' id='word_1_140' title='bbox 1068 2699 1132 2762; x_wconf 91' lang='grc' dir='ltr'><strong><em>τού</em></strong></span> <span class='ocrx_word' id='word_1_141' title='bbox 1150 2693 1319 2780; x_wconf 87' lang='grc' dir='ltr'><strong><em>πρόφρων</em></strong></span> 
     </span>
     <span class='ocr_line' id='line_1_23' title="bbox 204 2793 564 2882; baseline 0.006 -21"><span class='ocrx_word' id='word_1_142' title='bbox 204 2793 345 2878; x_wconf 86' lang='grc' dir='ltr'><strong><em>πρόσω</em></strong></span> <span class='ocrx_word' id='word_1_143' title='bbox 366 2795 500 2882; x_wconf 76' lang='grc' dir='ltr'><strong><em>γράφει.</em></strong></span> <span class='ocrx_word' id='word_1_144' title='bbox 522 2800 564 2863; x_wconf 86' lang='grc' dir='ltr'><strong><em>Α.</em></strong></span> 
     </span>
    </p>

    <p class='ocr_par' dir='ltr' id='par_1_13' title="bbox 205 2894 1317 3080">
     <span class='ocr_line' id='line_1_24' title="bbox 290 2894 1317 2986; baseline 0.001 -23"><span class='ocrx_word' id='word_1_145' title='bbox 290 2903 341 2963; x_wconf 86' lang='grc'><strong><em>35.</em></strong></span> <span class='ocrx_word' id='word_1_146' title='bbox 373 2894 426 2977; x_wconf 79' lang='grc' dir='ltr'><strong><em>ύς</em></strong></span> <span class='ocrx_word' id='word_1_147' title='bbox 451 2897 501 2964; x_wconf 86' lang='grc' dir='ltr'><strong><em>σύ</em></strong></span> <span class='ocrx_word' id='word_1_148' title='bbox 530 2897 736 2980; x_wconf 89' lang='grc' dir='ltr'><strong><em>κελεύεις·</em></strong></span> <span class='ocrx_word' id='word_1_149' title='bbox 770 2896 878 2979; x_wconf 80' lang='grc' dir='ltr'><strong><em>οὕτως</em></strong></span> <span class='ocrx_word' id='word_1_150' title='bbox 900 2896 1127 2986; x_wconf 87' lang='grc' dir='ltr'><strong><em>Ἀρίσταρχος,</em></strong></span> <span class='ocrx_word' id='word_1_151' title='bbox 1158 2894 1253 2966; x_wconf 83' lang='grc' dir='ltr'><strong><em>άλλοι</em></strong></span> <span class='ocrx_word' id='word_1_152' title='bbox 1280 2899 1317 2965; x_wconf 78' lang='grc' dir='ltr'><strong><em>δὲ</em></strong></span> 
     </span>
     <span class='ocr_line' id='line_1_25' title="bbox 205 2996 596 3080; baseline 0.015 -19"><span class='ocrx_word' id='word_1_153' title='bbox 205 2999 243 3062; x_wconf 89' lang='grc' dir='ltr'><strong><em>εί</em></strong></span> <span class='ocrx_word' id='word_1_154' title='bbox 263 2996 312 3062; x_wconf 88' lang='grc' dir='ltr'><strong><em>ού</em></strong></span> <span class='ocrx_word' id='word_1_155' title='bbox 333 2997 534 3080; x_wconf 83' lang='grc' dir='ltr'><strong><em>κελεύεις.</em></strong></span> <span class='ocrx_word' id='word_1_156' title='bbox 554 3003 596 3067; x_wconf 87' lang='grc' dir='ltr'><strong><em>Α.</em></strong></span> 
     </span>
    </p>

    <p class='ocr_par' dir='ltr' id='par_1_14' title="bbox 290 3095 1109 3188">
     <span class='ocr_line' id='line_1_26' title="bbox 290 3095 1109 3188; baseline 0.005 -25"><span class='ocrx_word' id='word_1_157' title='bbox 290 3105 341 3164; x_wconf 89' lang='grc'><strong><em>55.</em></strong></span> <span class='ocrx_word' id='word_1_158' title='bbox 363 3095 572 3188; x_wconf 87' lang='grc' dir='ltr'><strong><em>Ἀρίσταρχος</em></strong></span> <span class='ocrx_word' id='word_1_159' title='bbox 594 3101 650 3170; x_wconf 84' lang='grc' dir='ltr'><strong><em>διά</em></strong></span> <span class='ocrx_word' id='word_1_160' title='bbox 671 3107 734 3168; x_wconf 86' lang='grc' dir='ltr'><strong><em>τού</em></strong></span> <span class='ocrx_word' id='word_1_161' title='bbox 755 3128 774 3168; x_wconf 94' lang='grc' dir='ltr'><strong><em>ο</em></strong></span> <span class='ocrx_word' id='word_1_162' title='bbox 797 3096 1032 3182; x_wconf 86' lang='grc' dir='ltr'><strong><em>ὁπλίζοντο.</em></strong></span> <span class='ocrx_word' id='word_1_163' title='bbox 1068 3105 1109 3168; x_wconf 84' lang='lat' dir='ltr'><strong><em>A.</em></strong></span> 
     </span>
    </p>

    <p class='ocr_par' dir='ltr' id='par_1_15' title="bbox 292 3201 1175 3290">
     <span class='ocr_line' id='line_1_27' title="bbox 292 3201 1175 3290; baseline 0.007 -27"><span class='ocrx_word' id='word_1_164' title='bbox 292 3203 343 3266; x_wconf 85' lang='lat'><strong><em>81.</em></strong></span> <span class='ocrx_word' id='word_1_165' title='bbox 369 3203 408 3268; x_wconf 78' lang='grc' dir='ltr'><strong><em>ἔν</em></strong></span> <span class='ocrx_word' id='word_1_166' title='bbox 422 3221 489 3271; x_wconf 88' lang='grc' dir='ltr'><strong><em>τισι</em></strong></span> <span class='ocrx_word' id='word_1_167' title='bbox 511 3211 581 3271; x_wconf 74' lang='grc' dir='ltr'><strong><em>τοῖν</em></strong></span> <span class='ocrx_word' id='word_1_168' title='bbox 602 3201 854 3290; x_wconf 83' lang='grc' dir='ltr'><strong><em>ὑπομνημάτων</em></strong></span> <span class='ocrx_word' id='word_1_169' title='bbox 876 3205 893 3269; x_wconf 78' lang='grc' dir='ltr'><strong><em>ί</em></strong></span> <span class='ocrx_word' id='word_1_170' title='bbox 901 3207 922 3271; x_wconf 94' lang='grc' dir='ltr'><strong><em>δ</em></strong></span> <span class='ocrx_word' id='word_1_171' title='bbox 930 3204 1100 3289; x_wconf 89' lang='grc' dir='ltr'><strong><em>άμνατο.</em></strong></span> <span class='ocrx_word' id='word_1_172' title='bbox 1133 3205 1175 3269; x_wconf 90' lang='grc' dir='ltr'><strong><em>Α.</em></strong></span> 
     </span>
    </p>

    <p class='ocr_par' dir='ltr' id='par_1_16' title="bbox 206 3299 1319 3499">
     <span class='ocr_line' id='line_1_28' title="bbox 293 3299 1319 3392; baseline 0.005 -26"><span class='ocrx_word' id='word_1_173' title='bbox 293 3306 364 3367; x_wconf 85' lang='grc'><strong>103.</strong></span> <span class='ocrx_word' id='word_1_174' title='bbox 387 3299 550 3385; x_wconf 78' lang='grc' dir='ltr'><strong><em>ὀπάζει·</em></strong></span> <span class='ocrx_word' id='word_1_175' title='bbox 578 3304 687 3384; x_wconf 84' lang='grc' dir='ltr'><strong><em>οὕτως</em></strong></span> <span class='ocrx_word' id='word_1_176' title='bbox 711 3302 922 3392; x_wconf 88' lang='grc' dir='ltr'><strong><em>Ἀρίσταρχος</em></strong></span> <span class='ocrx_word' id='word_1_177' title='bbox 946 3301 1099 3385; x_wconf 77' lang='grc' dir='ltr'><strong><em>ὀπάζει.</em></strong></span> <span class='ocrx_word' id='word_1_178' title='bbox 1120 3300 1139 3370; x_wconf 86' lang='grc' dir='ltr'><strong><em>ό</em></strong></span> <span class='ocrx_word' id='word_1_179' title='bbox 1159 3304 1197 3372; x_wconf 72' lang='grc' dir='ltr'><strong><em>δὲ</em></strong></span> <span class='ocrx_word' id='word_1_180' title='bbox 1216 3300 1319 3384; x_wconf 80' lang='grc' dir='ltr'><strong><em>Ἰξίων</em></strong></span> 
     </span>
     <span class='ocr_line' id='line_1_29' title="bbox 206 3402 787 3499; baseline 0.012 -30"><span class='ocrx_word' id='word_1_181' title='bbox 206 3405 375 3490; x_wconf 78' lang='grc' dir='ltr'><strong><em>ἐπείγει.</em></strong></span> <span class='ocrx_word' id='word_1_182' title='bbox 399 3406 436 3472; x_wconf 79' lang='grc' dir='ltr'><strong><em>ἐν</em></strong></span> <span class='ocrx_word' id='word_1_183' title='bbox 457 3402 548 3499; x_wconf 82' lang='grc' dir='ltr'><strong><em>άλλφ</em></strong></span> <span class='ocrx_word' id='word_1_184' title='bbox 571 3408 721 3477; x_wconf 83' lang='grc' dir='ltr'><strong><em>[κόνει.</em></strong></span> <span class='ocrx_word' id='word_1_185' title='bbox 745 3411 787 3476; x_wconf 91' lang='grc' dir='ltr'><strong><em>Α.</em></strong></span> 
     </span>
    </p>
   </div>
   <div class='ocr_carea' id='block_1_5' title="bbox 206 3497 1319 3812">
    <p class='ocr_par' dir='ltr' id='par_1_17' title="bbox 206 3497 1319 3812">
     <span class='ocr_line' id='line_1_30' title="bbox 294 3497 1318 3615; baseline 0.006 -29"><span class='ocrx_word' id='word_1_186' title='bbox 294 3527 362 3588; x_wconf 84' lang='grc'><strong>169.</strong></span> <span class='ocrx_word' id='word_1_187' title='bbox 394 3519 675 3615; x_wconf 90' lang='grc' dir='ltr'><strong><em>Ἀρίσταρχος·</em></strong></span> <span class='ocrx_word' id='word_1_188' title='bbox 705 3497 878 3615; x_wconf 65' lang='grc' dir='ltr'><strong><em>κομείτάύ.</em></strong></span> <span class='ocrx_word' id='word_1_189' title='bbox 907 3531 961 3614; x_wconf 82' lang='lat' dir='ltr'><strong><em>A.‚</em></strong></span> <span class='ocrx_word' id='word_1_190' title='bbox 997 3526 1072 3592; x_wconf 87' lang='lat' dir='ltr'><strong>coll.</strong></span> <span class='ocrx_word' id='word_1_191' title='bbox 1109 3529 1167 3591; x_wconf 90' lang='grc'><strong><em>113</em></strong></span> <span class='ocrx_word' id='word_1_192' title='bbox 1203 3524 1244 3589; x_wconf 91' lang='lat' dir='ltr'><strong><em>V.</em></strong></span> <span class='ocrx_word' id='word_1_193' title='bbox 1280 3522 1318 3592; x_wconf 87' lang='grc' dir='ltr'><strong><em>τό</em></strong></span> 
     </span>
     <span class='ocr_line' id='line_1_31' title="bbox 206 3623 1319 3717; baseline 0.001 -26"><span class='ocrx_word' id='word_1_194' title='bbox 206 3625 243 3692; x_wconf 75' lang='grc' dir='ltr'><strong><em>δὲ</em></strong></span> <span class='ocrx_word' id='word_1_195' title='bbox 272 3630 430 3712; x_wconf 89' lang='grc' dir='ltr'><strong><em>κομείτην</em></strong></span> <span class='ocrx_word' id='word_1_196' title='bbox 455 3624 666 3717; x_wconf 88' lang='grc' dir='ltr'><strong><em>Ἀρίσταρχος</em></strong></span> <span class='ocrx_word' id='word_1_197' title='bbox 694 3628 757 3716; x_wconf 75' lang='grc' dir='ltr'><strong><em>μὲν</em></strong></span> <span class='ocrx_word' id='word_1_198' title='bbox 785 3634 966 3716; x_wconf 88' lang='grc' dir='ltr'><strong><em>κομείτων,</em></strong></span> <span class='ocrx_word' id='word_1_199' title='bbox 989 3625 1179 3714; x_wconf 86' lang='grc' dir='ltr'><strong><em>Ζηνόδοτος</em></strong></span> <span class='ocrx_word' id='word_1_200' title='bbox 1197 3623 1235 3693; x_wconf 74' lang='grc' dir='ltr'><strong><em>δὲ</em></strong></span> <span class='ocrx_word' id='word_1_201' title='bbox 1258 3651 1319 3692; x_wconf 94' lang='grc' dir='ltr'><strong><em>κο-</em></strong></span> 
     </span>
     <span class='ocr_line' id='line_1_32' title="bbox 207 3730 336 3812; baseline -0.016 -19"><span class='ocrx_word' id='word_1_202' title='bbox 207 3730 336 3812; x_wconf 84' lang='grc' dir='ltr'><strong><em>μείτην.</em></strong></span> 
     </span>
    </p>
   </div>
   <div class='ocr_carea' id='block_1_6' title="bbox 205 3829 1320 4420">
    <p class='ocr_par' dir='ltr' id='par_1_18' title="bbox 205 3829 1320 4018">
     <span class='ocr_line' id='line_1_33' title="bbox 294 3829 1320 3921; baseline 0.002 -26"><span class='ocrx_word' id='word_1_203' title='bbox 294 3834 363 3896; x_wconf 92' lang='grc'><strong>137.</strong></span> <span class='ocrx_word' id='word_1_204' title='bbox 383 3829 593 3919; x_wconf 88' lang='grc' dir='ltr'><strong><em>Ἀρίσταρχος</em></strong></span> <span class='ocrx_word' id='word_1_205' title='bbox 615 3832 771 3920; x_wconf 79' lang='grc' dir='ltr'><strong><em>φύγον,</em></strong></span> <span class='ocrx_word' id='word_1_206' title='bbox 796 3829 893 3900; x_wconf 82' lang='grc' dir='ltr'><strong><em>ἄλλοι</em></strong></span> <span class='ocrx_word' id='word_1_207' title='bbox 922 3831 959 3899; x_wconf 68' lang='grc' dir='ltr'><strong><em>δὲ</em></strong></span> <span class='ocrx_word' id='word_1_208' title='bbox 987 3831 1137 3918; x_wconf 83' lang='grc' dir='ltr'><strong><em>φύγεν.</em></strong></span> <span class='ocrx_word' id='word_1_209' title='bbox 1163 3833 1201 3898; x_wconf 82' lang='grc' dir='ltr'><strong><em>ἐν</em></strong></span> <span class='ocrx_word' id='word_1_210' title='bbox 1228 3829 1320 3921; x_wconf 77' lang='grc' dir='ltr'><strong><em>ἄλλῳ</em></strong></span> 
     </span>
     <span class='ocr_line' id='line_1_34' title="bbox 205 3928 689 4018; baseline 0.012 -21"><span class='ocrx_word' id='word_1_211' title='bbox 205 3928 242 3997; x_wconf 74' lang='grc' dir='ltr'><strong><em>δὲ</em></strong></span> <span class='ocrx_word' id='word_1_212' title='bbox 264 3928 302 3998; x_wconf 88' lang='grc' dir='ltr'><strong><em>τό</em></strong></span> <span class='ocrx_word' id='word_1_213' title='bbox 326 3934 616 4018; x_wconf 88' lang='grc' dir='ltr'><strong><em>φοινικόεντα.</em></strong></span> <span class='ocrx_word' id='word_1_214' title='bbox 648 3939 689 4003; x_wconf 87' lang='lat' dir='ltr'><strong><em>A.</em></strong></span> 
     </span>
    </p>

    <p class='ocr_par' dir='ltr' id='par_1_19' title="bbox 293 4030 1233 4122">
     <span class='ocr_line' id='line_1_35' title="bbox 293 4030 1233 4122; baseline 0.004 -25"><span class='ocrx_word' id='word_1_215' title='bbox 293 4039 363 4099; x_wconf 85' lang='lat'><strong>157.</strong></span> <span class='ocrx_word' id='word_1_216' title='bbox 387 4030 496 4114; x_wconf 81' lang='grc' dir='ltr'><strong><em>οὕτως</em></strong></span> <span class='ocrx_word' id='word_1_217' title='bbox 514 4033 570 4102; x_wconf 80' lang='grc' dir='ltr'><strong><em>διὰ</em></strong></span> <span class='ocrx_word' id='word_1_218' title='bbox 592 4043 654 4102; x_wconf 87' lang='grc' dir='ltr'><strong><em>τού</em></strong></span> <span class='ocrx_word' id='word_1_219' title='bbox 676 4064 697 4104; x_wconf 88' lang='grc' dir='ltr'><strong><em>α</em></strong></span> <span class='ocrx_word' id='word_1_220' title='bbox 718 4037 851 4118; x_wconf 90' lang='grc' dir='ltr'><strong><em>τράπε</em></strong></span> <span class='ocrx_word' id='word_1_221' title='bbox 873 4039 910 4103; x_wconf 85' lang='grc' dir='ltr'><strong><em>αί</em></strong></span> <span class='ocrx_word' id='word_1_222' title='bbox 926 4031 1154 4122; x_wconf 89' lang='grc' dir='ltr'><strong><em>Ἀριστάρχου.</em></strong></span> <span class='ocrx_word' id='word_1_223' title='bbox 1191 4039 1233 4101; x_wconf 92' lang='lat' dir='ltr'><strong><em>A.</em></strong></span> 
     </span>
    </p>

    <p class='ocr_par' dir='ltr' id='par_1_20' title="bbox 294 4132 935 4221">
     <span class='ocr_line' id='line_1_36' title="bbox 294 4132 935 4221; baseline 0.006 -22"><span class='ocrx_word' id='word_1_224' title='bbox 294 4138 363 4200; x_wconf 89' lang='grc'><strong>163.</strong></span> <span class='ocrx_word' id='word_1_225' title='bbox 383 4132 594 4221; x_wconf 90' lang='grc' dir='ltr'><strong><em>Ἀρίσταρχος</em></strong></span> <span class='ocrx_word' id='word_1_226' title='bbox 611 4134 868 4218; x_wconf 80' lang='grc' dir='ltr'><strong><em>όντιτέτυξο.</em></strong></span> <span class='ocrx_word' id='word_1_227' title='bbox 893 4141 935 4204; x_wconf 88' lang='grc' dir='ltr'><strong><em>Α.</em></strong></span> 
     </span>
    </p>

    <p class='ocr_par' dir='ltr' id='par_1_21' title="bbox 205 4227 1317 4420">
     <span class='ocr_line' id='line_1_37' title="bbox 294 4227 1317 4326; baseline 0.007 -29"><span class='ocrx_word' id='word_1_228' title='bbox 294 4240 361 4301; x_wconf 93' lang='grc'><strong>164.</strong></span> <span class='ocrx_word' id='word_1_229' title='bbox 382 4232 505 4314; x_wconf 87' lang='grc' dir='ltr'><strong><em>άλλως·</em></strong></span> <span class='ocrx_word' id='word_1_230' title='bbox 539 4238 683 4317; x_wconf 92' lang='grc' dir='ltr'><strong><em>τούτους</em></strong></span> <span class='ocrx_word' id='word_1_231' title='bbox 710 4227 765 4305; x_wconf 81' lang='grc' dir='ltr'><strong><em>καί</em></strong></span> <span class='ocrx_word' id='word_1_232' title='bbox 790 4234 1032 4323; x_wconf 88' lang='grc' dir='ltr'><strong><em>Ἀριστοφάνης</em></strong></span> <span class='ocrx_word' id='word_1_233' title='bbox 1060 4235 1237 4326; x_wconf 76' lang='grc' dir='ltr'><strong><em>ἠθέτησεν.</em></strong></span> <span class='ocrx_word' id='word_1_234' title='bbox 1274 4241 1317 4305; x_wconf 90' lang='grc' dir='ltr'><strong><em>Α.</em></strong></span> 
     </span>
     <span class='ocr_line' id='line_1_38' title="bbox 205 4331 442 4420; baseline 0.004 -21"><span class='ocrx_word' id='word_1_235' title='bbox 205 4336 294 4401; x_wconf 80' lang='lat' dir='ltr'><strong>Fort.</strong></span> <span class='ocrx_word' id='word_1_236' title='bbox 317 4331 442 4420; x_wconf 75' lang='grc' dir='ltr'><strong><em>ἡθέτει.</em></strong></span> 
     </span>
    </p>
   </div>
   <div class='ocr_carea' id='block_1_7' title="bbox 0 0 1482 5024">
    <p class='ocr_par' dir='ltr' id='par_1_22' title="bbox 0 0 1482 5024">
     <span class='ocr_line' id='line_1_39' title="bbox 0 0 1482 5024; baseline 0 0"><span class='ocrx_word' id='word_1_237' title='bbox 0 0 1482 5024; x_wconf 95' lang='lat' dir='ltr'><strong><em> </em></strong></span> 
     </span>
    </p>
   </div>
  </div>
 </body>
</html>
