2948 5024
1187 423 1246 484 113
1273 382 1285 400 ’

135 583 217 673 παρ’
248 581 334 671 ὃδὴ
362 586 418 651 καί
440 581 524 653 κατά
546 609 623 651 τινα
650 589 719 651 τοῖν
748 579 1000 671 ὑπομνημάτων
1027 590 1250 671 μετειλῆφδαι

135 685 173 756 τό
196 688 280 773 μέγα
302 683 378 755 άντλ
398 692 460 754 τοῦ
475 687 638 773 μεγάλως.
664 685 701 753 τὸ
724 686 761 755 δὲ
784 681 848 754 ούκ
862 691 929 773 ἔχει
955 683 1109 775 τάκριβὲς
1131 683 1249 765 οὑτως.

136 793 168 857 εί
193 786 259 875 γάρ
285 785 325 855 τά
354 787 599 877 συγγράμματα
625 792 695 856 τιάν
728 784 982 875 ὑπομνημάτων
1009 786 1250 876 προτάττομεν,

135 892 235 972 ἕνεκα
255 897 342 978 γοῦν
362 887 545 978 τάκριβούς
566 887 743 978 γράφομεν
754 887 837 958 κατά
855 886 1070 976 Ἀρίσταρχον
1090 888 1190 969 εΖεύς
1209 915 1250 976 με

134 996 261 1080 μέγαςζ
282 995 320 1063 έν
340 997 426 1079 γοῦν
447 997 493 1082 τῷ
513 989 598 1080 πρὸς
622 999 773 1080 Φιλητάν
805 990 1040 1080 συγγράμματι
1070 997 1111 1081 τῇ
1136 998 1251 1083 γραφῇ

133 1095 304 1183 κέχρηται,
343 1093 407 1164 δύο
432 1095 542 1180 λέγων
569 1092 606 1163 τὸ
633 1099 736 1184 μέγας
761 1101 955 1183 σημαίνειν,
983 1095 1058 1164 τότε
1083 1097 1146 1183 μὲν
1166 1092 1251 1165 καθ’

134 1193 235 1283 αὑτό,
263 1195 419 1281 καθάπερ
445 1202 512 1265 νύν
540 1197 645 1278 ’Ζεύς
669 1224 710 1287 με
732 1200 834 1286 μέγας
854 1199 1042 1285 Κρονίδης’
1064 1199 1120 1266 καὶ
1141 1209 1250 1268 *κεῖτο

132 1300 235 1386 μέγας
258 1298 446 1387 μεγαλωστί
476 1302 678 1385 λελασμένος
703 1300 941 1370 ίπποσυνάων’
979 1305 1030 1390 (Π
1052 1306 1156 1392 776),Ι
1175 1300 1251 1370 τότε
1312 1310 1314 1312 ’

132 1396 166 1465 δ’
190 1391 237 1467 αύ
257 1396 295 1468 τά
318 1396 487 1487 πρός“τὴν
515 1397 598 1469 κατὰ
620 1398 680 1469 τὸν
703 1410 833 1470 Αίαντα
858 1400 919 1471 τόν
940 1403 1057 1487 ἕτερον
1078 1405 1250 1492 διάκρισιν

133 1508 237 1583 εΑίας
255 1499 290 1569 δ’
310 1498 329 1569 ὁ
350 1503 471 1588 μέγας’
496 1506 652 1594 (11358).
697 1500 763 1571 κάν
789 1517 861 1584 ταῖς
885 1511 1000 1585 Λιταῖς
1027 1504 1251 1593 ἐξηγούμενος

133 1600 262 1690 *αύτάρ
280 1601 385 1673 ἔπειτ’
409 1612 496 1685 Αίας
516 1629 552 1674 τε
572 1608 691 1693 μέγας’
712 1609 744 1696 (I
770 1610 843 1695 169)
868 1611 906 1674 έν
921 1631 989 1675 τινι
1010 1613 1079 1674 των
1100 1603 1251 1693 ἠκριβω-

132 1707 245 1792 μένων
268 1701 522 1793 ὑπομνημάτων
549 1705 672 1793 γράφει
703 1713 809 1777 ταύτα
840 1707 924 1778 κατά
959 1711 1066 1789 λέξιν·
1102 1704 1145 1776 ού
1170 1703 1247 1774 κατ’

133 1811 294 1877 ἐπίθετον
313 1810 403 1895 λέγει
419 1811 540 1896 μέγας,
562 1806 646 1878 α’λλά
660 1807 746 1897 πρὸς
767 1806 1027 1897 άντιδιαστολὴν
1047 1815 1109 1879 τού
1132 1810 1250 1895 ἑτέρου

133 1918 294 1996 Αίαντος,
324 1907 407 1979 ὅταν
435 1913 472 1980 δὲ
500 1914 581 2000 λέγη
603 1909 707 1990 *Ζεύς
733 1936 776 1998 με
796 1916 900 1999 μέγας
920 1916 1121 2000 Κρονίδης’,
1135 1904 1249 1981 ούκέτι

132 2009 186 2080 ὅτι
208 2014 265 2079 καί
286 2012 400 2100 ἕτερος
427 2011 547 2101 μικρός
575 2015 655 2082 έστι.
705 2014 762 2082 καί
789 2011 869 2096 τούς
888 2011 950 2083 ἀπ’
973 2011 1081 2083 αὑτοῦ
1102 2015 1140 2082 δέ
1160 2037 1250 2100 χρω-

127 2115 257 2202 μένους
275 2119 366 2183 έστιν
389 2113 503 2201 εὑρεῖν
524 2120 566 2203 τῇ
584 2121 710 2206 γραφῇ,
732 2114 1002 2204 Διονυσόδωρον
1024 2113 1249 2198 τόνἈλεξαν-

134 2218 214 2303 δρέα
240 2218 295 2285 καὶ
321 2214 521 2304 Ἀμμώνιον.
566 2219 760 2305 ἐπιλέγουσι
797 2221 835 2288 δὲ
863 2217 976 2291 ούδέν.
1022 2217 1076 2287 διὸ
1106 2221 1162 2288 καὶ
1190 2215 1250 2297 τάς

134 2325 319 2407 μαρτυρίας
340 2317 454 2388 αύτοῖν
473 2318 538 2389 ούκ
559 2319 765 2407 ἐγράψαμεν.
796 2323 851 2389 καλ
875 2321 1123 2408 Καλλίστρατος
1145 2322 1182 2388 έν
1204 2326 1250 2411 τῷ

134 2424 210 2507 περὶ
229 2417 367 2501 Ἰλιάδος
386 2418 496 2502 οὑτως
509 2422 723 2508 προφέρεται,
749 2421 835 2492 ὥστε
855 2420 975 2509 ὅμοιον
990 2421 1075 2492 εἶναι
1095 2428 1141 2512 τῷ
1165 2423 1250 2490 *ἐπεὶ
1330 2478 1332 2482 .

134 2526 235 2609 μέγας
255 2519 411 2594 ω’δύσατο
434 2525 612 2610 Ζεύς’κ(Σ
632 2527 722 2613 292).
767 2520 848 2593 ούδέ
871 2519 890 2590 ὁ
914 2526 1072 2609 έκιθέτης
1097 2524 1134 2589 δέ
1156 2529 1249 2590 Πτο-

134 2631 268 2711 λεμαῖος
289 2623 348 2706 τὰς
368 2623 564 2710 Ζηνοδότον
586 2622 720 2711 γραφάς
740 2627 956 2712 ἐκτιθέμενος
974 2624 1102 2710 ταύτην
1121 2619 1248 2711 ὁμολο-

136 2738 190 2811 γετ
209 2725 406 2812 Ζηνοδότου
428 2722 526 2795 εἶναι.
573 2731 687 2795 Ταῦτα
708 2722 907 2812 ὑΔίδυμος.
951 2728 993 2793 A.
1015 2729 1142 2794 Locum
1164 2728 1250 2793 hunc

135 2832 268 2916 egregie
290 2831 434 2897 illustrat
454 2830 569 2896 Lehrs.
590 2831 649 2896 Ar.
672 2852 704 2917 p.
728 2831 875 2896 20-28.

218 2939 246 3001 Β
282 2936 345 3001 258
378 2926 434 2999 Ἐλν
460 2931 497 2999 δὲ
527 2935 568 3018 τῇ
595 2928 679 2997 κατά
709 2928 886 3017 Φιλήμονα
910 2927 971 2998 τὸν
993 2929 1164 3018 Κρητικὸν
1185 2958 1249 3000 ιιι·

134 3031 313 3120 χήσομαι
335 3033 378 3100 έν
394 3041 640 3101 Δαναοῖσιν.
685 3031 826 3100 δύναιτο
848 3028 881 3099 δ’
903 3025 947 3101 άν
967 3032 1005 3100 τὸ
1028 3031 1081 3114 ὥς
1101 3032 1154 3102 νύ
1174 3058 1248 3118 περ

134 3125 213 3202 οἶδε
241 3131 430 3203 ἀκούεσθαι
455 3130 687 3224 ἁπλούστερον
715 3130 791 3202 άντί
819 3139 882 3202 τού
914 3131 1040 3221 οὑτως,
1078 3132 1248 3217 ὡσαύτως.

139 3241 251 3305 Ταύτα
273 3232 291 3304 ὁ
313 3240 475 3324 Δίδυμος.
519 3241 561 3306 Α.

219 3345 331 3408 3397
367 3337 487 3421 Οὑτως
520 3340 728 3426 γένωνται
760 3342 798 3408 αί
815 3336 1044 3427 Ἀριστάρχου.
1088 3346 1189 3409 τούτο
1213 3339 1249 3409 δὲ

135 3443 190 3510 καὶ
211 3437 229 3509 ὑ
255 3443 373 3509 έκτοῐν
382 3438 637 3530 ὑπομνημάτων
656 3439 755 3528 λόγος
774 3438 951 3512 ὑπόκειται
971 3447 1057 3528 έχων
1077 3446 1171 3531 τῇδε·
1195 3442 1250 3509 έπλ

134 3549 203 3611 τοίν
224 3540 385 3630 κυμάτων
408 3546 498 3629 λέγει
517 3541 556 3612 τὸ
577 3546 795 3629 γένωνται.
840 3550 887 3635 τῷ
908 3540 1052 3632 τοιούτω
1071 3540 1250 3621 πλεονάκις

134 3643 350 3733 κέγρηται,”
321 3664 408 3715 ωστε
430 3646 486 3714 καὶ
507 3646 562 3714 έπὶ
583 3649 653 3714 τιόν
675 3641 919 3732 οὐδετέρων
884 3671 925 3713 τα
946 3643 1162 3729 πληθυντικά
1184 3666 1251 3710 πα-

135 3747 352 3836 ραλαμβάνει.
402 3750 624 3830 μεταποιούσι
651 3750 690 3815 δέ
716 3772 805 3828 τινες
826 3749 1015 3832 γένηται,
1038 3740 1102 3811 ούκ
1124 3739 1248 3894 ὀρδῶς.

138 3845 287 3918 Ταῦταὸ
311 3854 473 3937 Δίδυμος.
518 3851 560 3916 Α.
1262 3882 1264 3886 ’

221 3956 332 4020 3435
360 3952 508 4039 μηκέτι
543 3955 620 4017 νύν
643 3945 736 4035 δήθ’
758 3939 1113 4032 αύδιλεγύμεθα
1142 3942 1252 4026 οὑτως

137 4050 198 4120 αί’
195 4051 408 4141 Αριστάργον
430 4055 534 4133 λέξεις
560 4052 598 4119 έκ
618 4055 681 4119 τού
703 4056 725 4137 β
744 4053 804 4135 τῆς
822 4044 976 4128 Ἰλιάδος·
1009 4046 1118 4134 δηθά
1140 4047 1251 4139 πολύν

136 4154 274 4243 χρόνον,
286 4146 387 4224 αύθι
405 4151 525 4241 αύτού,
544 4150 762 4240 λεγώμεθα
780 4148 1094 4239 συναθροιζόμεθα.
1114 4146 1252 4219 ὁδέλύ-

135 4281 195 4344 γος
221 4262 391 4338 τοιούτος·
426 4259 541 4345 μηκέτι
571 4261 638 4325 νύν
662 4256 716 4324 έπὶ
738 4251 848 4323 πολύν
868 4251 994 4342 χρόνον
1015 4250 1122 4322 αύτού
1145 4271 1251 4338 συνη-

136 4361 336 4447 θροισμένοι
361 4363 526 4447 μένωμεν.
571 4356 760 4455 Ζηνόδοτος
794 4355 832 4428 δέ
860 4370 965 4427 ποιεί·
999 4360 1147 4443 μηκέτι
1172 4361 1251 4424 νύν

189 4486 351 4529 numus.
1023 4461 1042 4522 8
