2962 5018
232 401 293 465 324

231 581 362 650 χουσιν.
387 557 453 647 ἐγὼ
472 558 509 627 δὲ
531 556 699 645 Ζοίπυρον
721 565 836 642 ληρεῖν
856 560 978 643 νομίζω
1002 559 1143 641 λέγοντα
1163 560 1289 623 τοῦτον
1311 557 1354 623 ἐν

232 661 349 754 Θρᾴκη
383 660 669 745 τετελευτηκέναι,
703 653 767 726 κάν
797 655 982 744 ἀληθεύειν
1013 662 1130 746 νομιζη
1151 657 1353 743 Κράτιππος

232 763 349 834 αὐτόν.
393 761 432 832 τὸ
461 758 493 829 δ’
519 761 557 827 ἐν
575 756 693 849 Ἰταλία
719 766 860 847 Τίμαιον
888 755 994 826 αὐτὸν
1014 759 1069 825 καὶ
1090 755 1214 838 ἄλλους
1235 761 1353 844 λέγειν

232 876 367 935 κεῖσθαι
389 861 434 952 μὴ
452 864 508 932 καὶ
528 860 662 949 σφόδρα
681 863 929 948 καταγέλαστον
949 852 980 950 ᾖ.

318 970 426 1035 Locus
444 964 661 1054 perdifficilis.
704 965 847 1031 Leviora
867 966 1017 1031 codicum
1044 965 1164 1029 menda
1191 963 1352 1029 abstersit

233 1071 419 1136 Bckkerus.
464 1067 529 1131 Pro
558 1061 805 1152 ἐπιγράμματος
832 1066 1103 1132 Westermannus
1126 1064 1250 1130 mavult
1272 1064 1352 1129 ἐπι-

233 1174 376 1257 γραφῆς.
420 1164 618 1252 Κράτιππος
637 1168 831 1255 prosoripsit
851 1169 993 1233 Meierus
1015 1190 1131 1233 comm.
1155 1166 1283 1231 Andoc.
1296 1166 1348 1231 VI

236 1277 274 1337 13
295 1295 328 1359 p.
348 1274 389 1336 62
412 1292 574 1358 reponens
588 1264 793 1354 Ἕρμιππος,
816 1270 904 1357 quod
925 1272 1053 1349 Rittero
1075 1270 1207 1356 placuit.
1253 1269 1348 1333 Idem

233 1373 378 1438 Ritterus
400 1370 502 1435 verba
523 1373 623 1436 τοῦτο
645 1370 686 1435 δέ
704 1388 787 1455 φησι
806 1370 971 1454 Ζώπυρος
998 1374 1145 1455 ίστορεῖν
1172 1370 1258 1436 mole
1285 1394 1350 1459 pa-

163 1484 179 1512 ’·
233 1473 396 1539 renthesis
415 1473 510 1557 signo
533 1475 799 1562 circumscripsit.
830 1473 1009 1539 Muellerus
1028 1496 1107 1539 vero
1125 1474 1167 1539 fr.
1187 1473 1263 1538 hist.
1286 1472 1348 1537 Gr.

234 1575 269 1639 Π
288 1599 320 1662 p.
345 1581 384 1639 77
408 1574 510 1640 verbo
531 1574 569 1641 ἐν
586 1570 703 1661 Θρᾴκη
725 1574 841 1639 cedere
861 1575 959 1638 iussit
979 1576 1186 1640 coniecturae
1209 1595 1286 1638 suae
1310 1572 1349 1639 ἐν

234 1677 379 1762 Θορικῷ.
423 1675 505 1739 Mihi
532 1677 682 1763 equidem
710 1675 812 1740 verba
839 1673 903 1758 ἐγώ
926 1673 963 1741 δὲ
985 1715 1028 1726 -
1053 1670 1160 1740 αὐτόν
1186 1674 1258 1740 loco
1285 1697 1347 1740 suo

233 1786 322 1842 moto
350 1775 595 1864 transponendo
617 1785 691 1865 post
718 1778 930 1860 προθεσμίαν
956 1781 986 1859 ξ.
1011 1781 1052 1843 34
1082 1799 1154 1843 esse
1182 1776 1348 1841 videntur.

234 1881 357 1944 τοῦτον
378 1875 415 1942 ἐν
437 1875 554 1965 Θρᾴκη
574 1880 759 1963 graviorem
782 1877 889 1942 labem
916 1901 1015 1965 passe
1043 1879 1183 1943 fortasse
1205 1878 1292 1942 hunc
1314 1879 1348 1942 in

234 1979 365 2044 modum
386 1978 642 2063 redintegranda
663 1987 756 2060 sunt,
790 1988 827 2043 ut
852 1976 973 2063 ὀτοάτη
995 1975 1143 2062 άνθραιιι
1165 1979 1348 2044 scribamus

234 2079 267 2145 h.
280 2101 309 2145 e.
330 2076 551 2163 ἑξηκοντούτη
568 2076 727 2165 άνθραιιι.
750 2081 865 2169 Neque
881 2084 997 2168 νομιῖη
1012 2103 1126 2145 sanum
1145 2103 1217 2145 esse
1230 2090 1351 2167 potest,

234 2189 346 2245 netum
364 2179 447 2245 illud
474 2182 613 2248 fortasse
642 2207 684 2249 ex
705 2204 898 2270 praegresso
920 2182 1081 2248 vocabulo
1104 2185 1236 2265 νομίζω.
1283 2182 1351 2247 Sed

234 2280 389 2347 hariolari
408 2283 495 2349 nolo.
540 2284 605 2351 Pro
628 2281 824 2371 Κράτιππος
846 2285 957 2349 malim
978 2280 1160 2368 Κράτερος.

774 2476 805 2535 4.

320 2585 383 2650 His
420 2587 527 2653 tribus
568 2590 649 2654 locis
690 2588 902 2654 Marcellinus
944 2589 1090 2674 Didymo
1126 2589 1351 2653 testimonium

234 2684 420 2752 denunciat.
465 2691 641 2756 Praeterea
663 2694 694 2774 ξ.
719 2695 756 2754 14
783 2685 848 2755 άπὸ
873 2687 999 2755 τούτου
1028 2679 1093 2755 οὖν
1116 2739 1124 2754 .
1149 2739 1157 2754 .
1182 2738 1191 2755 .
1215 2739 1223 2754 ,
1245 2685 1352 2754 κατά-

235 2792 359 2870 γεσθαί
378 2807 462 2874 φησι
483 2789 521 2857 τὸ
544 2793 761 2858 Θουκυδίδου
780 2792 878 2873 γένος
899 2791 1046 2856 Ritterus
1068 2816 1100 2880 p.
1125 2794 1183 2855 128
1212 2798 1245 2855 Δ
1252 2794 1267 2854 ί
1272 2793 1352 2854 δυ-

234 2911 311 2972 μος
331 2890 504 2978 supplevit,
527 2894 666 2959 fortasse
688 2902 784 2976 recte,
804 2915 999 2981 quamquam
1018 2892 1160 2958 Aldinae
1180 2892 1278 2956 lectio
1300 2902 1354 2956 est

235 3000 328 3071 φασί.
374 2991 478 3058 Oodd.
497 2998 591 3078 φησί.

775 3101 805 3161 5.

319 3206 418 3272 Αδδο
438 3206 500 3273 hoc
522 3208 613 3293 loco,
635 3213 722 3297 quod
746 3211 847 3277 alium
869 3214 1122 3280 commodiorem
1144 3214 1268 3280 frustra
1288 3218 1352 3281 cir·

235 3309 429 3397 cumspioio,
460 3309 597 3397 Didymi
626 3312 845 3397 fragmentum
873 3313 915 3378 sd
935 3314 1096 3380 Miltiadis
1125 3319 1226 3381 vitam
1249 3321 1351 3404 perti-

234 3431 334 3492 nens,
364 3410 451 3496 quod
479 3413 640 3498 reperitur
665 3414 753 3500 apud
779 3414 987 3481 scholiastam
1009 3419 1147 3484 Aristid.
1169 3414 1255 3503 ὑπὲρ
1278 3425 1351 3486 των

235 3533 318 3576 τεττ.
346 3533 378 3598 p.
401 3515 481 3596 515,
507 3518 544 3576 17
573 3519 693 3601 Κίμων
718 3513 912 3583 Μιλτιάδου
933 3516 1052 3600 γέγονε
1074 3529 1167 3597 παῖς·
1192 3559 1232 3568 -
1255 3518 1349 3601 παρά

233 3622 323 3696 τρεῖς
353 3608 416 3695 μὲν
448 3612 656 3698 ἐψηφίσαντο
689 3613 826 3702 ψήφους
857 3614 894 3683 τό
927 3615 973 3703 μὴ
1003 3617 1143 3709 θανάτῳ
1174 3623 1348 3705 ζημιώσαι.

236 3708 442 3796 πεντήκοντα
474 3714 511 3780 δὲ
540 3716 685 3783 τάλαντα
710 3716 906 3803 ἐπράξαντο.
951 3721 1139 3803 Δίδυμος
1166 3722 1207 3786 δέ
1230 3741 1351 3807 φησιν,

224 3807 299 3896 οὐχ
317 3805 369 3878 ὅτι
390 3815 602 3902 ἐλακώνιζεν,
625 3814 699 3885 ἀλλ’
724 3815 777 3886 ὅτι
794 3815 963 3907 Ἐλπινίκη
979 3824 1020 3907 τῇ
1042 3815 1173 3910 ἀδελφῇ
1189 3827 1311 3906 συνῆν.

773 3994 793 4055 6

319 4100 472 4188 Denique
500 4106 602 4170 vitem
632 4105 836 4194 Thucydidis
865 4131 885 4173 a
910 4131 946 4173 se
971 4111 1189 4195 conscriptam
1209 4109 1353 4177 fortasse

234 4198 306 4284 ipse
326 4200 492 4289 Didymus
515 4208 661 4293 respexit
689 4209 723 4271 in
744 4209 846 4274 schol.
872 4209 969 4275 Pind.
992 4210 1086 4275 Nem.
1110 4210 1144 4274 II
1170 4214 1207 4276 19
1229 4234 1261 4297 p.
1285 4216 1351 4277 438

233 4298 380 4366 Boeclrh.
400 4342 445 4354 —
467 4299 519 4368 ὅτι
538 4308 585 4382 είς
603 4313 732 4373 Αίαντα
753 4307 898 4394 άνέφερε
919 4311 956 4377 τὸ
979 4311 1088 4395 γένος,
1109 4304 1154 4389 ὡς
1176 4312 1232 4376 καί
1254 4317 1354 4387 Μιλ-
