2962 5024
331 813 359 872 1.
381 801 622 892 Ἀριστοφάνης
641 804 764 891 γράφει
784 802 896 893 ῥόον.
921 808 963 874 A.

335 913 383 972 11.
406 910 569 974 ἔννεον·
590 911 674 974 ένιοι
696 913 764 974 τῶν
784 903 866 975 κατά
889 907 1003 988 πόλεις
1024 906 1204 994 νήχοντ’.
1228 913 1269 976 Α.

329 1013 380 1076 62.
404 1009 440 1075 ἐκ
462 1007 613 1095 πλήρους
633 1009 695 1075 τόν
712 1014 782 1075 καί
801 1009 994 1096 σύνδεσμον
1011 1006 1232 1095 Ἀρίσταρχος.
1254 1015 1296 1079 A.

329 1115 379 1176 73.
415 1116 538 1178 τοῦτον
570 1113 793 1197 προστιθέασί
819 1136 907 1190 τινες
935 1106 978 1177 ού
1005 1109 1197 1196 φερόμενον
1225 1113 1263 1178 ἐν
1285 1126 1356 1193 ταῖς

241 1209 468 1298 Ἀριστάρχου.
512 1213 549 1278 ἐν
578 1214 618 1278 δέ
643 1229 710 1279 τισι
733 1216 806 1278 καί
825 1209 859 1297 ῥ’
882 1207 1215 1297 ὀλοφυρόμενος.
1257 1210 1354 1281 ἄλλοι

244 1317 314 1379 καί
332 1337 404 1397 μιν
423 1313 685 1400 λισσόμενος.
705 1316 747 1381 Α.

328 1419 380 1481 84.
400 1409 611 1502 Ἀρίσταρχος
627 1410 739 1494 ἹακοΞς
760 1418 781 1481 δ
787 1420 815 1481 ω
821 1440 875 1482 κε.
900 1419 942 1483 A.

328 1519 381 1583 86.
402 1519 542 1585 -ἔνιαι
564 1522 633 1585 των
656 1515 740 1584 κατὰ
762 1515 876 1597 πόλεις
897 1515 1053 1583 ἄνασσε
1074 1510 1150 1582 άντί
1170 1521 1233 1582 τού
1245 1512 1354 1584 άνάσ-

243 1637 304 1685 σει.
326 1620 368 1685 A.
392 1615 612 1709 [Ἀρίσταρχος
633 1615 699 1686 σύν
721 1624 768 1709 τῷ
789 1644 811 1684 ν
831 1616 869 1685 τό
892 1615 1116 1703 άνάσσειν,
1139 1620 1174 1684 οί
1189 1620 1227 1684 δὲ
1243 1625 1352 1704 χωρίς.

243 1717 307 1786 ούκ
335 1717 465 1806 άλόγως
489 1720 553 1808 γάρ
582 1721 659 1807 περὶ
684 1719 847 1806 Πηδάσου
870 1715 915 1799 ὡς
942 1720 1211 1806 πεπορθημένης,
1234 1722 1353 1806 επέρσε

244 1823 279 1890 δὲ
302 1819 506 1908 Λυρνησσόν
527 1823 583 1891 καί
604 1822 783 1910 Πήδασον’
810 1826 857 1911 (Τ
874 1826 949 1908 92),
985 1825 1016 1887 εί
1040 1820 1086 1907 μή
1117 1818 1182 1906 άρα
1205 1827 1353 1908 φαίημεν

246 1930 485 2009 πεπορθῆσθαι
511 1927 573 2011 μὲν
595 1922 762 2010 πρότερον
787 1921 849 2008 τήν
867 1924 1045 2009 Πήδασον,
1076 1919 1294 2008 ἀνειληφέναι
1314 1926 1351 1991 δὲ

248 2026 350 2092 πάλιν
372 2022 434 2109 τήν
456 2021 562 2110 άρχήν
584 2022 644 2092 τόν
658 2021 790 2110 Ἀλτην.
811 2025 867 2115 V.]

331 2131 401 2192 106.
425 2121 533 2204 οὕτως
555 2123 611 2193 διά
629 2131 692 2193 τού
713 2150 731 2192 ο
750 2122 876 2193 ἅπασαι
897 2122 1040 2205 οὕτως.
1062 2129 1103 2192 A.

331 2233 400 2292 1111.
426 2228 477 2293 cf.
500 2252 532 2315 p.
558 2232 628 2292 112.

330 2331 401 2392 122.
425 2329 540 2414 διχῶς,
566 2341 681 2396 κεῖσο
704 2327 759 2394 καὶ
781 2320 867 2413 ήσο.
892 2329 933 2394 A.

328 2429 373 2494 ib.
397 2424 505 2507 οὕτως
526 2426 583 2495 διά
603 2434 666 2496 τού
684 2454 705 2495 ν
728 2425 1059 2514 άτειλήνάπασαι.
1082 2434 1124 2496 A.

330 2534 400 2598 127.
430 2526 672 2616 Ἀριστοφάνης
700 2528 757 2597 διά
781 2535 844 2597 τοῦ
866 2555 892 2596 ω
916 2529 968 2611 ὥς
990 2557 1032 2599 κε
1049 2530 1242 2619 φάγησιν.
1275 2535 1348 2600 AV.

329 2637 399 2698 130.
430 2629 640 2717 Ἀρίσταρχος
668 2629 724 2699 διά
756 2637 825 2698 τῶν
852 2627 1103 2718 ὑπομνημάτων
1126 2629 1350 2720 Ἀριστοφάνη

242 2736 323 2820 φησί
352 2739 486 2819 στίχους
513 2736 547 2814 ἓξ
576 2731 777 2821 ήδετηκέναι
806 2730 852 2814 ὦς
875 2734 1172 2821 παρεμβληθέντας
1192 2731 1259 2802 ύπό
1282 2741 1350 2802 τῶν

240 2834 481 2922 ἀπορούντων,
515 2831 570 2900 διά
601 2840 636 2902 τί
665 2830 683 2902 ὁ
713 2834 862 2922 ποταμός
886 2831 1066 2921 ὀργίζεται,
1096 2841 1202 2903 καίτοι
1233 2842 1350 2921 σαφοίς

240 2935 349 3004 αὐτοῦ
369 2937 525 3021 λέγοντος
541 2934 604 3022 τήν
624 2940 749 3005 αἰτίαν·
777 2936 912 3017 Ξάνθος
933 2938 1004 3004 ἐπεὶ
1026 2935 1191 3022 κεχόλωτο
1212 2942 1348 3006 δαίκτα-

240 3042 353 3123 μένων
372 3043 506 3124 αίζηῶν,
528 3032 744 3124 ούςἈχιλεύς
765 3037 869 3120 έδάίςε
890 3036 974 3104 κατὰ
989 3035 1162 3125 ρόονούδ
1181 3040 1346 3125 ἐλέαιρεν·

242 3143 331 3229 (146)
368 3143 399 3206 εί
423 3135 487 3224 γάρ
514 3139 759 3229 ἐβλασφημήδη
790 3138 807 3208 ό
837 3141 1002 3226 ποταμός,
1031 3142 1146 3223 ἔλεγεν
1174 3134 1216 3205 άν
1246 3146 1346 3207 τοῦτο

240 3238 445 3327 πρόςἮραν
467 3237 723 3325 καὶἭφαιστον.
744 3245 799 3310 καί
820 3240 857 3309 τό
877 3240 1002 3327 δηθά,
1026 3236 1071 3319 ὡς
1090 3236 1152 3325 ούχ
1162 3236 1348 3327 Ὁμηρικοῖς

240 3350 396 3430 κείμενον
415 3347 586 3410 αἰτιῶνται
607 3342 734 3429 μήποτε
752 3346 867 3431 μέντοι
888 3342 943 3410 καὶ
962 3337 1202 3427 όἈρίσταρχος
1219 3360 1347 3426 συγκα-

240 3448 356 3513 τέθετο
384 3451 425 3533 τῇ
446 3440 625 3538 άθετήσει,
648 3444 754 3531 μηδὲν
771 3441 940 3511 άντειπων
961 3448 1007 3532 τῷ
1026 3439 1268 3527 Ἀριστοφάνει.
1304 3446 1346 3511 Α.

327 3553 397 3614 131.
415 3543 627 3632 Ἀρίσταρχος
649 3547 812 3624 πολέας.
833 3548 917 3642 ἔνιοι
938 3545 975 3611 δὲ
996 3551 1149 3622 πολεῖς.
1173 3539 1287 3629 ήδέτει
1310 3545 1347 3611 δὲ

239 3644 366 3727 αύτούς
383 3643 635 3734 Ἀριστοφάνης.
657 3650 698 3714 A.
723 3650 789 3737 [V.]

326 3753 395 3815 162.
425 3745 635 3837 Ἀρίσταρχος
664 3743 841 3831 άποκοπήν
863 3741 949 3812 εἶναι
975 3742 1133 3832 βούλεται
1154 3752 1216 3813 τοῦ
1238 3742 1347 3833 ἁμαρ-

237 3848 358 3934 τήδην,
380 3845 510 3917 όέστιν
531 3846 609 3935 ἅμα.
651 3846 704 3915 διὸ
729 3850 784 3915 καί
804 3847 904 3932 χωρὶς
925 3852 986 3913 τού
1008 3873 1021 3912 ι
1042 3845 1216 3931 γράφεται.
1255 3849 1291 3913 έν
1310 3851 1346 3915 δὲ

237 3955 277 4036 τῇ
306 3955 569 4038 Μασσαλιωτική
594 3946 612 4017 ὁ
642 3947 675 4015 δ’
705 3944 867 4034 άμάρτη
890 3946 1102 4031 δούρασιν
1122 3940 1260 4033 άμφω,
1293 3952 1347 4016 καί

238 4048 341 4134 λόγον
363 4052 440 4134 ἔχει.
463 4054 505 4116 Α.

324 4154 393 4214 172.
421 4153 505 4217 ἔνιοι
528 4151 786 4236 μεσσοπαγές
807 4145 864 4216 διά
886 4154 949 4215 τού
972 4174 993 4233 y
1022 4145 1087 4215 οὐκ
1109 4138 1164 4214 εὖ·
1189 4148 1346 4236 βούλεται

237 4247 300 4333 γάρ
322 4252 433 4335 λέγειν
454 4249 517 4329 ἕως
538 4252 642 4334 μέσου
666 4247 888 4336 παλλόμενον.
919 4247 966 4316 δι’
989 4240 1032 4316 ού
1054 4247 1092 4316 τό
1115 4247 1271 4334 σφοδρόν
1288 4255 1347 4335 τῆς

236 4352 338 4435 βολῆς
357 4356 564 4436 παρίστησιν.
588 4349 696 4429 οὕτως
716 4347 936 4437 Ἀρίσταρχος.
959 4352 1001 4417 A.
