2932 5002
678 571 714 650 2.

500 699 903 783 Περὶπαθῶν

232 828 305 893 Ηοο
329 829 520 915 opusculum
548 851 566 892 e
592 825 671 891 solis
698 825 831 891 scholiis
859 829 893 892 in
920 830 1098 895 Homerum
1120 832 1257 897 Venetis

147 930 302 1012 innotuit,
340 929 427 994 unde
463 928 687 993 Herodianum
725 926 761 990 id
797 931 1028 994 commentario
1062 934 1257 999 instruxisse

148 1031 363 1124 comperimus
387 1029 444 1115 (cf.
467 1029 585 1093 Lehrs.
611 1027 708 1091 anull.
731 1050 869 1113 gramm.
892 1054 924 1117 p.
941 1032 1036 1116 118),
1057 1054 1139 1118 quae
1161 1035 1257 1099 simul

147 1150 263 1193 caussa
286 1130 389 1196 fuisse
414 1130 559 1211 videtur,
592 1140 628 1193 ut
649 1127 810 1214 hodieque
831 1139 961 1216 praeter
983 1130 1084 1196 dubia
1101 1134 1259 1199 nonnulla

147 1228 189 1293 ab
209 1231 403 1317 etymologis
420 1225 551 1295 servata
573 1230 757 1314 fragmenta
775 1230 965 1317 eademque,
985 1234 1020 1297 ni
1033 1232 1139 1316 fallor,
1154 1236 1257 1321 ipsius

147 1331 328 1395 Herodiani
351 1331 513 1397 industria
535 1340 646 1396 nostro
666 1328 811 1395 obnoxia
835 1332 878 1396 ad
897 1354 956 1396 nos
976 1345 1156 1419 pervagata
1176 1336 1258 1401 nihil

145 1431 215 1496 fere
238 1454 281 1495 ox
301 1432 363 1496 hoc
383 1454 479 1519 opere
500 1440 641 1495 aetatem
662 1431 783 1495 tulerit.
827 1432 966 1496 Accedit
987 1434 1073 1519 quod
1099 1435 1257 1501 Herodia-

145 1554 207 1595 nus
225 1531 363 1618 Didymi
384 1553 513 1615 nomen‚
537 1533 686 1618 quamvis
709 1531 773 1619 ipsi
792 1531 934 1618 plurima
949 1557 1022 1598 eum
1041 1535 1161 1601 debere
1185 1559 1257 1622 per-

147 1656 278 1698 suasum
299 1633 454 1714 habeam,
483 1632 658 1696 admodum
682 1652 756 1696 raro
785 1635 951 1720 apposuit,
980 1636 1063 1702 adeo
1085 1648 1121 1702 ut
1140 1636 1256 1702 Lehrs.

146 1735 187 1798 de
202 1735 304 1798 Arist.
329 1733 414 1799 stud.
436 1755 468 1819 p.
483 1735 521 1796 34
546 1733 717 1797 adnotaret
739 1732 834 1796 haec:
856 1738 1257 1826 1λὀνλοιιιιάοοιὶιοι(Ηο-

147 1837 319 1920 rodianus)
341 1843 461 1916 saepius
479 1840 639 1915 didymum
661 1842 809 1915 inspicere
817 1847 837 1901 ’.
881 1838 990 1924 Atque
1011 1841 1193 1927 inspectum
1214 1838 1256 1903 ab

148 1939 219 2023 ipso
242 1959 323 2018 esse,
345 1958 386 1999 ne
409 1936 515 2001 dicam
530 1938 789 2025 transscriptum,
811 1938 1009 2003 luculentum
1031 1962 1130 2026 supra
1149 1962 1257 2005 exem·

34 2047 36 2050 ’
145 2038 236 2124 plum
265 2060 364 2102 unum
402 2058 419 2101 e
453 2035 564 2113 multis
594 2037 778 2125 deprompsi
808 2039 848 2103 fr.
881 2039 932 2103 IX
970 2040 1044 2106 coll.
1071 2039 1192 2105 Arcad.
1222 2063 1255 2127 p.

149 2142 217 2221 119,
236 2141 351 2202 a-rs.
374 2137 525 2202 Alterum
547 2139 779 2225 quaerentibus
799 2140 935 2226 praebet
958 2141 1059 2206 schol.
1086 2140 1254 2228 Aristoph.
1306 2203 1309 2208 .

146 2240 230 2326 qu.
256 2243 351 2322 1158,
384 2238 440 2303 ubi
463 2239 643 2304 Herodiani
672 2241 802 2305 nomine
824 2251 982 2323 veneunt,
1015 2265 1098 2329 quae
1118 2241 1257 2327 Didymi

145 2340 247 2404 verba
276 2363 347 2405 esse
375 2343 410 2404 in
439 2340 547 2405 lexico
575 2341 698 2405 comico
726 2345 940 2427 pronunciata
967 2344 1065 2409 fidem
1091 2343 1170 2407 facit
1191 2343 1256 2406 He·
1376 2424 1377 2427 Ἴ

146 2440 278 2527 sychius
301 2465 327 2506 s.
350 2464 382 2506 v.
406 2437 527 2522 ιιήμός,
551 2440 594 2504 ο1.
614 2440 736 2505 Arcad.
759 2446 880 2523 59,11.

688 2611 715 2670 1.

231 2726 340 2792 Schol.
370 2726 467 2791 Hom.
497 2730 529 2792 Γ
553 2727 614 2789 272
642 2736 684 2791 et.
708 2749 750 2790 m.
778 2729 852 2807 116,
875 2728 914 2791 51
946 2720 1072 2806 ἄωρτο·
1095 2720 1166 2809 ἄρω
1189 2725 1257 2791 ἐστὶ
1382 2799 1384 2802 ⁴

146 2825 182 2892 τὰ
203 2826 409 2913 σημαντικὸν
424 2832 486 2893 τοῦ
501 2822 645 2913 ἁρμόζω,
666 2817 710 2892 οὖ
731 2822 749 2890 ὁ
765 2827 897 2910 μέλλων
920 2834 977 2914 (et.
991 2850 1034 2890 m.
1046 2827 1122 2892 add.
1136 2831 1254 2893 Αἰολι-

145 2932 226 3016 ung)
255 2926 366 3014 ἄρσω,
395 2925 550 3013 ἀόριστος
571 2920 658 3012 ήρσα
685 2927 827 3006 1Θέτις
854 2923 1031 3012 ἄμοισιν
1053 2926 1255 3014 ἐπῆρσεν

146 3031 200 3117 (ΙΙ.
225 3035 343 3096 0167.
367 3033 444 3119 339)
473 3025 547 3095 ἄντλ
569 3033 631 3095 τοῦ
654 3027 846 3114 ἐφήρμοσεν
869 3027 924 3094 κοιλ
953 3025 1165 3114 ’νοήμασιν
1186 3026 1209 3096 ἄ
1216 3055 1257 3115 ρ-

145 3150 220 3196 σον
242 3126 424 3198 ἄταντα’
453 3132 589 3218 (Odyss.
613 3136 635 3217 β
657 3133 733 3218 353)
763 3124 839 3195 ἄντλ
865 3133 927 3196 τοῦ
945 3126 1158 3215 ἐφάρμοσον.’
1194 3135 1258 3198 τοῦ

97 3318 99 3321 ¹
144 3226 216 3315 ἄρω
239 3226 257 3296 ὁ
278 3237 521 3317 παρακείμενος
543 3223 640 3317 ήρκα,
662 3226 680 3298 ὁ
706 3228 893 3316 παθητικὰς
910 3221 1025 3317 ήρμαι,
1047 3226 1258 3314 darocam-

145 3330 238 3411 λικός
259 3327 381 3420 ήρμήν,
405 3331 442 3400 τό
465 3338 578 3416 τρίτον
600 3322 699 3416 ήρτο,
721 3337 868 3420 συστολῇ
886 3324 968 3415 ἄρτο
992 3335 1127 3420 (rectius
1148 3343 1190 3397 et.
1212 3357 1255 3399 m.

141 3430 295 3512 Ἰωνικῶς
314 3432 398 3501 κατὰ
420 3430 590 3518 συστολὴν
607 3428 717 3520 ἄρτο),
736 3433 912 3500 &navasse
933 3438 996 3500 τοῦ
1018 3458 1044 3499 ω
1064 3429 1174 3513 ἄωρτο
1198 3437 1255 3519 (et.

143 3559 186 3600 m.
209 3535 285 3600 add.
316 3532 428 3616 ὥσπερ
458 3531 534 3601 siaa
559 3536 690 3622 εἴωθα).
733 3530 842 3612 οὕτως
864 3529 1072 3622 Ἡρωδιανὸς
1098 3532 1136 3597 ἐν
1163 3535 1209 3620 τῷ
1235 3537 1258 3616 β
1291 3569 1295 3577 -

144 3633 302 3719 ποιήματι
325 3635 360 3738 (i.
381 3632 608 3720 ὑπομνήματι,
629 3637 736 3722 possis
752 3636 850 3698 etiam
865 3633 1064 3719 τοιήμοιτί,)
1088 3636 1140 3719 τῷ
1164 3632 1258 3711 περὶ

144 3739 292 3801 παθών
312 3733 550 3823 Διδύμον).

215 3892 241 3959 1)
268 3892 340 3956 Quid
360 3893 463 3958 igitur?
498 3890 682 3942 Credamusne
706 3890 852 3956 Didymum
877 3888 960 3940 etiam
977 3877 1072 3952 ἄωρτο
1089 3888 1123 3938 ab
1143 3874 1203 3952 ἄριο
1222 3878 1254 3936 τὸ

141 3970 254 4044 ἄρμόζω
274 3979 433 4029 derivasse?
457 3977 590 4043 Equidem
608 3977 660 4027 hoc
673 3981 704 4025 ut
723 3973 844 4037 credam,
864 3974 937 4041 quod
954 3990 1009 4024 non
1027 3973 1107 4024 modo
1126 3974 1256 4038 etymolo-

142 4083 193 4136 ραι
211 4067 230 4117 1.
244 4083 268 4117 ο.
288 4065 331 4116 his
349 4069 447 4131 pergat
459 4065 550 4115 verbis
561 4055 636 4121 τινὲς
655 4055 686 4111 δὲ
701 4053 812 4126 λέγουσι
830 4053 862 4111 τὸ
882 4051 1026 4125 ἐκρέματο,
1045 4060 1093 4110 sed
1110 4061 1193 4110 etiam
1201 4061 1255 4110 He-

142 4153 217 4217 sych.
243 4141 346 4216 ἄωρτο.
365 4142 500 4214 ἐκρέματο
519 4165 569 4200 suo
587 4149 664 4213 1οοο,
688 4149 786 4199 deinde
804 4148 865 4198 1οοο
881 4162 935 4197 non
952 4162 1002 4197 suo
1019 4135 1127 4210 ἄωρτο·
1147 4139 1254 4210 παρήρ-

141 4252 208 4302 τητο
228 4239 342 4301 habeat,
367 4237 492 4302 idemque
516 4229 603 4301 ἄωρτο
628 4236 655 4287 h.
681 4252 704 4288 e.
729 4224 817 4299 ήορτο
841 4234 955 4284 formem
977 4232 1155 4299 primigenam
1180 4238 1255 4285 recte

142 4322 258 4389 explicet
275 4323 416 4376 vocabulis
435 4315 530 4386 ἔδοξε,
549 4313 699 4387 κρέμαται,
718 4321 784 4374 mihi
801 4321 934 4390 imperare
952 4335 1006 4370 non
1023 4334 1143 4387 possum.
1165 4316 1253 4371 Video
