2962 5018
1204 391 1266 453 295

148 546 342 636 Ιάναγράφω
364 545 424 614 τόν
447 549 600 627 πάππους
624 551 711 637 quod
729 552 835 637 ipsum
853 551 1000 617 scholion
1017 564 1129 617 nostro
1153 555 1265 620 deberi

154 653 337 739 Euphronii
370 653 551 716 sentcntiae
582 653 741 716 adversus
780 652 1016 718 Callimachum
1046 657 1266 741 patrocinanti

153 752 340 839 Hesychius
363 752 496 817 docebit
518 775 543 816 s.
567 776 598 817 v.
623 750 802 830 πάππος·
829 793 870 801 -
894 757 1047 837 σημαίνει
1069 753 1105 819 δὲ
1127 754 1183 819 καλ
1204 750 1266 839 όρ-

153 855 234 919 νέου
264 849 360 932 εἶδος.
407 854 563 919 Similiter
585 857 748 943 Didymus
771 856 931 943 Hesychii
958 856 1133 934 στολάς·
1166 880 1265 940 χιτω-

153 961 268 1033 νίσκος
295 953 407 1040 βαθύς
440 955 520 1042 (lex.
554 967 638 1043 trag.
673 959 839 1044 Sophocl.)
874 957 1101 1045 Euphronium
1134 968 1264 1024 secutus

154 1081 206 1145 ap.
236 1057 337 1123 schol,
362 1059 420 1122 Ar.
444 1059 532 1122 Avv.
557 1062 618 1122 934
650 1065 774 1142 χιτῶνα
795 1056 998 1142 δερμάτινον
1019 1082 1091 1123 esse
1113 1057 1265 1124 σπολάδα

151 1168 334 1224 testantem.
381 1159 463 1223 Item
493 1161 741 1245 eDiogeniano
770 1162 856 1248 (hc.
882 1161 1041 1247 Didymo)
1065 1164 1206 1246 sapiunt,
1230 1163 1265 1224 ni
1347 1162 1352 1172 “

150 1261 257 1343 fallor,
280 1261 373 1327 Phot.
399 1266 469 1343 165,
493 1266 525 1324 ll
552 1267 690 1328 Κίλλειοι
711 1267 783 1340 383,
799 1265 835 1325 21
865 1258 1136 1343 καραιξόρουσον
1156 1270 1197 1325 et.
1220 1285 1262 1325 m.

150 1358 320 1447 ἐνεργμός.
367 1363 436 1427 Nec
456 1363 550 1428 flocci
574 1365 762 1429 laciendum
784 1364 935 1448 donique,
960 1362 1047 1448 quod
1070 1363 1141 1448 ipse
1156 1363 1263 1451 Hesy-

152 1464 244 1529 chius
276 1464 457 1550 Euphronii
490 1487 608 1529 nomen
641 1464 792 1548 apposuit
826 1485 852 1526 s.
876 1485 906 1525 v.
938 1460 1150 1527 λακκόσττεδα
1182 1464 1261 1551 (leg.

152 1563 343 1631 λακκόσττεα
366 1589 384 1629 c
408 1565 496 1646 πέος,
520 1565 634 1648 σπέος)
656 1575 698 1647 ct,
722 1565 749 1628 si
774 1563 857 1650 quid
878 1564 985 1646 video,
1008 1586 1033 1627 s.
1052 1588 1084 1629 v.
1107 1565 1262 1651 ῥαφανίς,

152 1667 209 1732 ubi
231 1688 318 1730 nuno
343 1663 492 1747 Τρύφων
513 1666 642 1749 legitur.
676 1666 784 1752 (Corr.
805 1659 1000 1748 Εὐφρόνιος
1020 1665 1060 1730 δέ
1080 1683 1174 1751 φησι,
1198 1691 1261 1755 quo

152 1769 242 1831 ducit
269 1767 480 1830 Doriensium
506 1769 629 1831 mentio
659 1767 732 1832 coll.
763 1767 874 1832 Taetz.
903 1769 985 1854 Lyc.
1015 1770 1168 1854 3871-
1193 1770 1262 1836 Nec

151 1890 217 1931 non
244 1867 425 1953 Didymum
459 1869 493 1931 in
523 1867 624 1932 schol.
655 1871 742 1934 Avv.
778 1874 839 1934 799
874 1871 1133 1935 testimoniorum
1163 1894 1261 1959 appo·

150 1968 330 2033 nendorum
354 1970 466 2055 copiae
486 1969 660 2034 admodum
679 1972 860 2037 studiosum
877 1962 998 2058 ¹(Soph.
1020 1971 1089 2036 00.
1107 1976 1182 2057 388)
1207 1998 1262 2040 ex-

149 2071 263 2135 audire
298 2068 360 2133 tibi
388 2071 522 2134 videare
552 2066 749 2155 Εὐφρόνιος
771 2113 812 2121 -
834 2075 984 2138 ἔτλεκεν.
1020 2068 1197 2158 ἀμάρτυρα
1223 2075 1261 2141 δὲ

150 2167 323 2256 άμφότερα
348 2172 405 2258 (cf.
429 2171 529 2236 schol.
553 2173 651 2263 Soph.
675 2174 743 2240 00.
767 2179 839 2240 388.
863 2179 942 2239 1593
965 2176 1053 2240 Avv.
1075 2179 1148 2240 873.
1171 2179 1259 2262 998).

149 2311 193 2325 -·
216 2274 411 2338 Homericae
439 2275 667 2361 explicationis
696 2299 834 2363 pravum
860 2286 957 2363 atque
990 2278 1076 2342 exile
1104 2300 1262 2344 conamen

110 2424 121 2447 ,
150 2375 259 2461 prodit
278 2375 379 2439 schol.
395 2377 482 2439 Avv.
500 2380 561 2440 604
584 2372 780 2459 Εὐφρόνιος
802 2377 838 2442 δὲ
858 2376 913 2441 καὶ
933 2374 1013 2453 τούς
1028 2372 1110 2460 παρ’
1128 2373 1261 2468 Ὁμήρῳ

151 2469 314 2556 λιπαρούς
343 2471 448 2548 πόδας
468 2468 576 2550 οὕτως
597 2470 796 2539 άτιοδιδόναι
819 2472 912 2550 τινάς
934 2494 1017 2558 φησι
1046 2477 1106 2562 (sc.
1128 2479 1260 2562 unctos)

150 2575 223 2640 coll.
252 2575 403 2639 Eustath.
433 2575 529 2640 Iliad.
557 2577 702 2663 Hesych.
730 2577 851 2663 Odyss.
876 2577 942 2640 XV
963 2579 1036 2639 332.
1080 2576 1147 2642 Sed
1168 2588 1263 2643 extra

151 2677 387 2743 dubitationem
415 2677 450 2741 id
473 2678 562 2765 quod
583 2678 834 2743 demonstraturi
859 2698 969 2741 sumus
989 2698 1111 2762 ponere
1130 2679 1262 2744 videtur

152 2778 252 2844 schol.
277 2781 364 2843 Avv.
399 2782 479 2844 1379
513 2780 568 2845 καὶ
596 2774 841 2864 Εὐφρόνιος
865 2777 927 2863 μὲν
955 2777 1066 2862 χωλόν
1094 2773 1179 2846 εἶναι
1199 2776 1261 2846 τόν

152 2884 318 2963 Κινησίαν
339 2884 444 2964 φησίν
466 2877 692 2958 ....”Αλλως.
728 2885 920 2966 Δίδυμος
940 2879 1003 2966 μὲν
1024 2877 1168 2967 κύκλον,
1190 2882 1261 2948 ἐπεὶ

151 2985 301 3047 κυκλίων
323 2976 481 3068 ᾀσμάτων
501 2981 640 3068 ττοιητής
659 2983 760 3067 ἐστιν,
784 2979 910 3049 κυλλὸν
925 2982 973 3068 δέ,
996 2983 1067 3048 ἐπεὶ
1083 2981 1189 3066 χωλὸς
1206 2977 1259 3069 ἦν.

152 3089 279 3166 εἴρηται
308 3079 344 3148 δὲ
371 3083 447 3169 ιτερλ
470 3078 578 3151 αὐτοῦ
599 3088 636 3151 ἐν
657 3083 850 3170 Βατράχοις.
878 3080 896 3150 ὁ
920 3080 957 3149 δὲ
976 3078 1202 3168 Ἀριστοτέλης
1223 3086 1261 3151 ἐν

151 3186 380 3262 διδασκαλίαις
420 3184 485 3252 δύο
521 3190 604 3273 φησ1
637 3190 823 3272 γεγονέναι.
879 3184 1100 3271 Σύμμαχος
1136 3182 1259 3266 οὕτως·

151 3281 411 3372 Εὐφρόνιος,
434 3284 549 3373 ἐπειδὴ
571 3287 693 3367 κυλλδς
714 3281 757 3375 ἦν
779 3286 797 3356 ό
820 3291 992 3372 Κινησίας.
1018 3287 1175 3353 τοῦτοδὲ
1196 3285 1260 3354 οὐκ

151 3391 242 3453 ἔστιν
263 3384 388 3474 εὑρεῖν,
411 3384 496 3455 άλλά
515 3389 581 3457 κτὲ.
627 3395 728 3458 Vides
756 3395 857 3479 igitur
880 3389 1111 3477 Symmachum
1129 3388 1260 3475 oblique

150 3492 313 3575 castigare
341 3490 538 3578 Didymum,
572 3496 658 3582 quod
690 3495 873 3581 Euphronii
904 3493 1140 3578 expositionem
1168 3511 1260 3553 suam

150 3590 266 3653 fecerit
288 3593 437 3675 quamvis
457 3596 668 3678 tostimoniis‚
689 3593 876 3682 Symmachi
902 3593 1028 3657 scilicet
1050 3599 1172 3672 aetate,
1195 3612 1260 3654 non

150 3689 290 3775 amplius
319 3690 563 3777 stabiliendam3
597 3696 821 3783 Euphronium
843 3715 939 3772 vero,
972 3693 1109 3756 missum
1135 3690 1260 3753 faciens

149 3790 348 3876 Didymum,
377 3813 435 3856 suo
462 3795 532 3857 iure
555 3794 769 3881 Symmachus
789 3795 997 3882 perstringit,
1024 3800 1136 3877 utpote
1159 3789 1261 3876 expli-

149 3893 287 3956 cationis
309 3890 398 3956 illius
419 3902 585 3959 auctorem
605 3896 829 3984 principalem.
851 3895 946 3960 Unus
963 3916 1015 3958 me
1031 3893 1121 3957 locus
1136 3890 1260 3976 Vespp.

150 3998 212 4059 694
233 4003 366 4080 propter
387 3995 583 4062 vocabulum
605 4001 853 4081 σεσημειωσθαι
874 4005 984 4079 vexat,
1008 3994 1067 4059 sed
1085 3991 1261 4058 confodere

148 4093 254 4159 locum
300 4093 504 4182 Chrysippus
556 4097 729 4184 Lycophro
777 4096 1056 4162 Eratosthenesve
1099 4101 1259 4179 poterant.

149 4194 276 4275 Quodsi
301 4196 527 4283 Euphronium
557 4222 685 4287 quoque
713 4201 798 4265 intc'r
820 4197 956 4284 Didymi
979 4195 1085 4260 fontes
1112 4215 1260 4257 numere·

149 4318 221 4362 mus
249 4307 393 4388 oportet,
428 4324 493 4367 non
523 4301 753 4389 estamplius,
785 4323 844 4366 cur
866 4300 906 4365 de
928 4297 1115 4387 Symmachi
1135 4295 1259 4363 meritis
