2962 5024
241 385 301 447 224

243 550 443 614 Aristodemi
461 551 661 630 memoriam,
676 550 763 636 quod
780 571 823 612 ex
844 548 946 613 altero
962 549 1084 614 scholio
1103 551 1253 614 conicere
1268 548 1358 614 licet.

243 652 359 737 Itaque
388 651 538 715 lacunam
567 652 677 715 notavi
704 659 778 737 post
805 650 943 714 verbum
969 653 1061 732 φησί.
1103 651 1212 737 Atque
1237 654 1358 715 erroris

242 752 436 817 manifestus
471 752 567 815 etiam
596 751 762 836 Bergkius
794 752 901 814 estin
930 750 1064 815 Pindari
1094 751 1145 815 ed.
1175 752 1231 816 alt.
1258 776 1291 839 p.
1316 756 1358 816 66

240 854 321 917 haec
337 853 502 917 scribens:
519 852 640 916 ‘Schol
657 851 738 937 legit
753 846 841 934 σᾶμ’
853 845 1137 937 Ἁλιρροθίου,
1152 863 1188 917 ut
1201 864 1290 918 esset
1301 877 1358 940 pe-

240 955 398 1042 riphrasis
415 976 474 1041 pro
495 954 635 1039 simplici
646 946 925 1039 Ἁλιρρόθιος,
950 954 1049 1039 idque
1060 954 1224 1040 Didymus
1240 956 1358 1041 proba-

239 1058 299 1138 vit,
318 1077 514 1144 quamquam
536 1053 634 1117 aliter
651 1055 912 1140 interpretatur'.
934 1055 1017 1117 Nam
1034 1055 1170 1141 Didymi
1194 1058 1359 1120 sententia

241 1158 391 1245 opposita
413 1167 463 1221 est
493 1177 605 1220 eorum
636 1157 911 1242 interpretationi,
949 1157 1004 1241 qui
1036 1152 1119 1220 nard
1151 1159 1358 1237 περίφρασιν

242 1253 396 1343 ἤκουσαν
419 1252 520 1344 (ὅθεν
542 1250 847 1339 τινές-ἤκουσαν.
871 1250 889 1322 ὁ
913 1259 932 1322 δ
939 1256 954 1320 ὲ
973 1259 1125 1341 Δίδυμος
1143 1252 1192 1321 οὗ
1199 1281 1250 1322 τω
1269 1255 1355 1343 xri).

241 1359 329 1444 Quid
352 1361 454 1443 igitur
468 1360 642 1445 Didymus,
665 1358 717 1421 eui
740 1357 873 1443 quidem
890 1358 1090 1425 Aristodemi
1112 1360 1356 1424 animadversio

240 1464 353 1546 ignota
382 1483 453 1526 esse
480 1484 546 1525 non
572 1468 716 1547 poterat,
750 1459 870 1542 legisse
893 1461 1057 1545 putandus
1085 1459 1159 1526 est?
1199 1458 1356 1546 Suspicor

240 1585 314 1627 eum
341 1562 382 1626 de
409 1572 511 1626 metro
533 1582 648 1647 parum
675 1558 849 1623 sollicitum
878 1560 1008 1625 dedisse
1041 1555 1132 1644 ἥρως
1157 1555 1355 1645 Ἀλιροθίου

239 1665 294 1728 vel
314 1658 506 1747 Ἀλιρόθιος
533 1663 564 1726 h.
586 1684 614 1726 e.
643 1659 827 1746 Neptunius
854 1661 961 1728 heros.
1003 1664 1068 1728 Ter
1092 1664 1178 1727 enim
1203 1664 1237 1725 in
1257 1661 1353 1726 codd.

240 1766 330 1831 Gott.
353 1766 444 1830 Vrat.
468 1764 512 1826 D.
535 1757 641 1846 ἥρως,
664 1758 751 1846 ἥρωϊ
773 1775 805 1828 et
827 1759 917 1847 ἥρως
940 1764 1012 1852 (pro
1035 1766 1163 1851 Σῆμος)
1183 1764 1352 1850 repetitur.

238 1866 353 1952 Neque
381 1867 447 1931 alia
470 1875 540 1929 arte
568 1866 737 1929 conciliari
763 1864 921 1930 lectiones
949 1862 1038 1950 ἥρως
1063 1876 1096 1930 et
1117 1869 1231 1949 Σηρος
1256 1886 1353 1952 posse

239 1969 403 2049 videntur,
423 1989 520 2053 quam
541 1976 576 2030 ut
596 1968 630 2028 in
648 1967 760 2032 codice
781 1969 936 2054 scriptum
957 1967 1059 2031 fuisse
1081 1975 1204 2031 statuas
1227 1970 1355 2030 ΜΛΝ-

242 2072 411 2133 TINEAO
430 2071 561 2151 HPOC,
595 2069 682 2133 unde
711 2068 875 2154 Didymus
904 2064 993 2152 ἥρως
1022 2066 1078 2131 οΙίἰ
1102 2070 1205 2150 θῆρος
1233 2067 1353 2132 elicue-

239 2178 326 2234 runt.
368 2171 419 2232 Ac
446 2169 611 2254 Didymus
636 2164 726 2253 ἥρως
754 2170 893 2235 fortasse
921 2170 1092 2235 ferendum
1121 2172 1264 2256 putavit,
1295 2171 1353 2256 qui

238 2272 337 2334 sciret
348 2271 382 2334 in
396 2264 507 2352 ἥρωος
519 2265 627 2353 ἥρωες
641 2272 782 2336 mediam
794 2273 929 2358 corripi3
945 2271 989 2336 cf.
999 2270 1102 2336 Wolf.
1116 2271 1213 2335 Hom.
1227 2271 1350 2357 Odyss.

238 2375 255 2450 ζ
276 2374 337 2435 303
360 2372 506 2436 Boeckh.
528 2382 609 2437 nott.
631 2373 716 2436 critt.
739 2372 833 2438 Pind.
860 2397 891 2459 p.
915 2376 994 2455 4383
1024 2372 1123 2458 (adde
1137 2367 1239 2457 Ἦρα,
1263 2373 1352 2459 quod

236 2471 309 2537 fluit
339 2472 381 2535 ab
416 2474 570 2539 inusitato
598 2464 714 2558 Ἦρος,
748 2475 939 2541 Latinorum
971 2480 1075 2552 hena,
1112 2472 1350 2538 Germanorum

237 2577 356 2662 Hm).
392 2574 496 2639 Simul
516 2577 593 2640 hinc
616 2583 713 2663 patet,
736 2578 815 2663 quid
837 2576 899 2640 sibi
922 2575 1042 2639 Thesei
1059 2576 1180 2639 mentio
1202 2575 1236 2637 in
1254 2574 1348 2638 Vrat.

236 2676 277 2740 A.
300 2676 421 2740 iniecta
442 2676 532 2741 velit.
561 2677 658 2741 Hunc
674 2679 761 2742 enim
778 2678 918 2742 Ovidius
939 2677 1037 2741 etiarn
1054 2681 1233 2755 Neptunium
1255 2682 1350 2739 heroa

235 2787 343 2841 vocat.
374 2794 421 2826 -'
435 2777 549 2865 Tycho
572 2779 764 2843 Mommsen.
793 2778 827 2839 in
854 2777 968 2841 Museo
991 2776 1097 2841 Rhen.
1122 2778 1162 2841 N.
1184 2780 1222 2842 F.
1246 2778 1295 2841 IV
1315 2802 1347 2864 p.

237 2880 300 2941 548
322 2879 491 2965 ingeniose
508 2882 626 2945 conicit
645 2873 690 2945 ιῖν
710 2879 825 2955 ἵπποις
845 2873 889 2942 σύ
909 2874 947 2942 δὲ
967 2879 1120 2959 τέτρασιν
1140 2881 1145 2966 Ι
1164 2874 1229 2944 ἀπὸ
1247 2883 1350 2943 Μαν-

238 2980 358 3064 τινέας,
382 2974 471 3063 Σᾶμ’
490 2974 682 3065 Ἀλιρρόθιε
704 2990 766 3045 παῖ
783 2980 837 3046 vel
852 2974 1072 3064 Ἀλιρρόχθιε.

765 3170 816 3230 21.

320 3280 372 3344 Ol.
398 3285 448 3346 ΙΓ
467 3285 506 3345 27
530 3307 562 3370 p.
577 3287 644 3361 :271
679 3289 739 3361 τίς
766 3280 842 3369 γὰρ
871 3285 1056 3361 ἱππείοις
1084 3285 1127 3349 έν
1154 3285 1348 3348 ἔντεσσιν

235 3383 373 3466 μέτρα·
388 3417 430 3428 -
445 3386 634 3469 Δίδυμος
653 3386 693 3452 δέ
709 3402 792 3470 φησι
815 3382 897 3470 μήτε
918 3381 999 3464 τούς
1015 3379 1174 3460 ίππικούς
1196 3381 1347 3467 δρόμους

234 3482 316 3568 μήτε
346 3479 404 3560 τὰς
433 3487 502 3549 τῶν
531 3479 690 3571 ἁρμάτων
717 3482 924 3564 κατασκευὰς
945 3486 1027 3572 μήτε
1050 3482 1109 3552 τὸν
1131 3480 1268 3568 χαλινὸν
1289 3479 1346 3549 διὰ

234 3582 365 3651 τούτων
388 3588 595 3673 δηλοῦσθαι,
626 3584 709 3654 ἀλλὰ
739 3584 799 3654 τόν
821 3587 1021 3672 κεραμεικόν
1043 3584 1166 3670 τρόχον
1186 3585 1222 3651 έιι
1244 3608 1346 3669 μετα-

235 3691 344 3771 φορᾶς
363 3684 502 3771 διχόθεν
524 3690 818 3773 μετενηνεγμένης.
840 3693 940 3754 τοῦτο
958 3686 1020 3773 μὲν
1037 3683 1089 3753 ὅτι
1108 3689 1209 3764 ἵππος
1224 3690 1346 3765 οἰκεῖος

233 3781 251 3852 ὁ
265 3787 392 3872 τροχός,
414 3792 513 3853 τοῦτο
530 3788 566 3854 δέ
578 3785 630 3855 ότι
644 3787 854 3872 ἑκατέρωθεν
866 3786 1041 3856 ἐλαύνεται
1055 3783 1228 3864 ότιδποδδς
1243 3788 1345 3869 πτέρ-

233 3912 303 3972 νης.
328 3895 553 3973 Καλλίμαχος·
577 3891 732 3976 πτέρνη
753 3885 792 3955 θ’
812 3891 938 3967 ἵππος
957 3884 1253 3972 ἐλαυνόμενος.
1288 3889 1344 3952 καὶ

231 3987 448 4075 Θεόφραστος
475 3987 513 4055 δὲ
541 3989 579 4055 έν
608 3995 654 4078 τῷ
680 3989 756 4075 περὶ
778 3985 975 4076 εὑρημάτων
991 3985 1169 4075 Ὑπέρβιον
1191 3988 1251 4053 τόν
1273 3992 1345 4077 Κο-

233 4087 371 4174 ρίνθιόν
399 4107 504 4174 φησιν
535 4083 713 4173 εὑρηκέναι
740 4085 802 4174 τὴν
829 4094 890 4155 τοῦ
912 4094 1114 4174 κεραμεικοῦ
1135 4092 1258 4174 τροχοῦ
1278 4111 1344 4172 μη-

231 4188 347 4274 χανήν.
386 4193 488 4275 μέτρα
510 4191 547 4256 δὲ
568 4185 675 4256 αὐτόν
695 4189 713 4256 ὁ
735 4193 921 4273 Πίνδαρος,
955 4187 1106 4274 παρόσον
1129 4189 1166 4254 έν
1186 4211 1343 4272 κεραμει-

230 4294 295 4354 uoci
322 4294 520 4374 μετροῦμεν.
559 4295 580 4371 ξ
611 4284 840 4374 όΔίδυμος
868 4291 983 4375 ἑτέραν
1008 4286 1215 4355 ἀποδίδωσιν
1234 4285 1344 4366 οὕτως
