2962 5018
1176 421 1238 485 309

127 578 324 641 testimonio.
369 575 493 656 Quodsi
516 576 696 664 Didymum
724 581 1027 645 commentariorum
1051 585 1084 645 in
1107 584 1240 672 Eupoli-

128 679 178 742 dis
200 674 334 753 Βάπτας
349 687 514 772 auctorem
537 679 821 765 deprehendimus,
842 704 947 765 nemo,
962 686 1084 770 opinor,
1100 688 1241 775 amplius

127 779 305 862 dubitabit,
336 781 415 866 quin
437 801 480 844 ex
503 780 648 845 eiusdem
672 781 805 846 officina
825 784 965 869 profecti
984 787 1049 850 sint
1071 790 1126 875 qui
1146 813 1239 878 prae·

126 892 217 947 terea
248 882 427 946 afferuntur
461 884 686 948 commentarii
714 885 749 948 in
779 885 991 951 Marieentem
1025 898 1057 953 et
1076 897 1241 974 Χρυσοῦν

126 1007 233 1071 γενος.
286 1006 288 1009 ·

213 1082 446 1151 Schol..Arist.
470 1084 592 1172 Vespp.
621 1088 696 1151 1301
724 1088 803 1175 (vol.
827 1089 862 1154 II
881 1114 913 1176 p.
927 1095 988 1156 529
1003 1093 1136 1183 Dindf.)
1159 1091 1176 1162 ό
1201 1098 1237 1165 δὲ

126 1182 250 1271 ἅχυρος
270 1179 351 1270 παρ’
372 1179 540 1251 Εὐπόλιδι
565 1187 602 1251 ἐν
623 1193 748 1277 Χρυσῷ
769 1190 871 1276 γένει,
897 1185 985 1259 όπου
1008 1195 1063 1260 καλ
1085 1194 1122 1262 τό
1143 1195 1244 1275 Πλοί-Ι

126 1312 231 1366 τωνος
253 1285 449 1370 παράκειται
469 1287 501 1366 ἐξ
522 1283 709 1367 Ἀδιόνιδος
1149 1352 1151 1356 ,

159 1395 162 1401 ’
210 1390 317 1456 Schol.
332 1391 390 1455 Ar.
407 1391 538 1455 Thesm.
556 1395 615 1457 162
637 1386 785 1477 ἀλλαχοῦ
807 1393 844 1460 δὲ
865 1390 882 1460 ό
905 1399 987 1463 Δίδ
995 1395 1073 1482 υμό
1080 1424 1096 1476 ς
1114 1417 1236 1485 φησιν·

125 1484 145 1574 ἡ
171 1489 233 1575 μλν
258 1484 372 1573 γραφη
399 1486 540 1554 δύναται
568 1486 631 1574 μὲν
663 1486 766 1577 εἶναι,
800 1488 863 1558 οὐκ
894 1487 937 1558 δν
963 1493 1000 1560 δὲ
1028 1494 1153 1562 τούτου
1175 1503 1238 1564 τοῦ

124 1594 309 1676 μελοποιοῦ
330 1591 492 1675 μέμνηται
516 1590 550 1675 (l.
564 1594 725 1680 μεμνῇτο)
755 1591 856 1659 πόλιν
877 1590 915 1659 τὸ
938 1582 1021 1661 αὐτό
1043 1596 1162 1683 λέγων,
1185 1596 1237 1666 δτι

126 1690 189 1759 οὐκ
216 1690 405 1770 ἐπιπολάζει
428 1689 467 1758 τὰ
491 1694 590 1778 μέλη,
624 1688 700 1759 ἀλλ’
734 1696 823 1784 (add.
848 1696 1054 1784 Schneider.)
1081 1694 1238 1767 Ἀλκαίου

125 1798 188 1861 τοῦ
209 1796 418 1882 κιθαρῳδοῦ,
441 1783 484 1859 οὗ
505 1794 560 1859 καλ
574 1790 725 1874 Εὔπολις
742 1799 779 1862 έν
800 1802 924 1886 Χρυσῷ
947 1798 1037 1883 γένει
1058 1802 1236 1885 μέμνηται·

125 1886 172 1962 ‘ei
191 1890 296 1962 ’λκαῖε
315 1901 502 1962 Σικελιῶτα
523 1896 808 1983 Πελοποννησιε’.
854 1905 888 1967 τί
905 1899 942 1965 δὲ
964 1902 1115 1968 ἐνταῦθα
1134 1913 1236 1971 κιθα-

126 2001 241 2088 ρῳδοῦ
262 1996 338 2082 περὶ
368 2001 512 2081 ποιητοῦ
534 1993 633 2076 ὄντος
651 1994 773 2083 λόγου;
796 2040 838 2052 -
858 1997 1020 2087 Ἀλλαχοῦ
1042 2005 1081 2070 δέ
1100 2007 1122 2070 i.
1147 2029 1174 2070 e.
1195 2007 1238 2072 ad

124 2103 230 2189 ipsum
252 2099 344 2164 illum
368 2098 406 2163 ἐν
428 2105 490 2183 Χρ.
509 2125 539 2183 γ.
561 2101 669 2166 locum
691 2092 842 2171 ω”λκαῖε
855 2109 1042 2170 Σικελιῶτα
1060 2111 1237 2172 Πελοπον-

125 2200 230 2287 νήσιε.
277 2202 328 2268 Of.
351 2202 479 2266 Nauck.
502 2203 604 2268 Arist.
628 2204 709 2291 Byz.
728 2228 760 2292 p.
784 2210 824 2269 64
848 2230 879 2270 n.
904 2210 955 2270 92.

211 2302 318 2368 Sehol.
348 2303 434 2368 Plut.
467 2307 546 2368 1037
581 2308 716 2388 τηλία·
750 2310 911 2371 κοσκίνου
940 2305 1064 2386 κύκλος
1092 2301 1113 2392 ἢ
1144 2307 1238 2385 σανὶς

125 2411 278 2488 πλατεῖα,
311 2399 366 2487 ἐφ’
397 2393 437 2487 ἧς
464 2398 589 2487 ἄλφιτα
614 2411 782 2471 ποιοῦσιν.
825 2407 863 2471 ἐν
891 2406 926 2473 δέ
955 2412 1002 2496 τῷ
1022 2404 1237 2492 ὑπομνήματι

125 2501 234 2583 οὕτως
266 2507 385 2569 *τοῦτο
413 2507 447 2569 τί
471 2504 561 2568 ἐστιν
589 2501 653 2571 οὐκ
683 2503 767 2572 οἶδα.
812 2503 864 2572 δτι
888 2505 924 2573 δὲ
952 2504 1176 2593 συμβάλλεται
1199 2509 1237 2573 έν

125 2611 266 2694 Μαρικᾷ
287 2602 480 2684 Εὐπόλιδος
503 2602 588 2671 οἶδα.
616 2603 715 2673 κάκεῖ
731 2606 796 2691 γὰρ
819 2603 1096 2693 τηνῪπερβόλου
1110 2608 1237 2692 μητέρα

125 2713 220 2799 τηλία
242 2705 373 2795 εἰκάζει,
393 2712 434 2796 τῇ
448 2714 585 2796 πλατείᾳ
601 2712 743 2775 nunide)
766 2710 972 2775 Difficillime
986 2709 1089 2773 verba
1103 2708 1236 2776 Sehnei-

125 2813 223 2878 derue
244 2835 277 2899 p.
299 2816 338 2874 14
362 2832 486 2895 vereor,
509 2820 546 2876 nt
567 2822 655 2877 reete
674 2812 760 2877 hune
782 2814 816 2877 in
836 2813 967 2877 modum
989 2811 1236 2898 interpretetur:

124 2916 212 2981 ‘seio
239 2914 345 2980 locum
375 2923 523 2978 nostrum
551 2912 593 2979 ob
615 2935 729 2979 vocem
751 2917 846 2998 τηλία
871 2913 913 2976 ah
933 2912 1110 2999 interprete
1125 2912 1236 3001 Eupo·

125 3017 200 3081 lidie
216 3038 290 3080 eum
305 3015 404 3079 simili
421 3016 561 3103 quodam
577 3015 665 3080 illiue
683 3018 797 3081 comici
817 3014 887 3080 loeo
903 3022 1123 3100 comparatum
1138 3021 1234 3080 ense!

209 3115 317 3183 Sehol.
343 3117 442 3204 Soph.
465 3117 534 3182 00.
568 3121 648 3183 16⁰0
681 3115 735 3182 uui
767 3111 915 3190 Εὔπολις
948 3118 1104 3204 Μαρικᾷ·
1139 3109 1233 3181 ’ἀλλ’

125 3216 214 3287 eride)
237 3217 366 3297 πόλεως
388 3213 465 3303 εἶμι,
484 3222 591 3285 θῦσαι
613 3216 678 3303 γάρ
702 3242 742 3302 με
765 3220 816 3283 δεῖ
836 3209 933 3299 κριόν
954 3212 1037 3304 χλόη
1053 3213 1233 3302 Δήμητρα’

124 3325 210 3388 ἔνθα
232 3323 392 3405 δηλοῦται
422 3326 467 3409 (q.
490 3322 512 3386 l.
536 3322 621 3387 male
643 3322 730 3405 vulg.
755 3321 859 3402 δῆλον
881 3312 967 3405 ὅτι),
993 3313 1045 3385 δτι
1068 3318 1123 3384 καλ
1140 3317 1234 3402 κριὸς

123 3421 244 3509 θήλεια
273 3427 314 3510 τῇ
341 3427 413 3513 θεῷ
439 3420 544 3511 ταότη
564 3419 694 3490 θύεται.
739 3415 828 3485 οὗτοι
851 3419 888 3485 δὲ
909 3423 1051 3503 τιμᾶται.
1097 3423 1233 3486 Rectum

5 3586 6 3589 ,
124 3526 337 3612 intellegendi
358 3529 447 3592 viam
465 3528 607 3614 praeivit
625 3523 778 3588 Wolffiue
800 3545 832 3609 p.
859 3526 906 3584 15.

210 3626 318 3693 Schol.
339 3628 398 3692 Ar.
422 3628 506 3716 qu.
528 3630 589 3692 938
613 3626 681 3688 ἔστι
701 3621 737 3687 δὲ
757 3616 864 3688 πολλὰ
887 3620 941 3686 καλ
961 3615 1043 3703 παρ’
1067 3615 1235 3687 Εὐπόλιδι

125 3729 374 3812 σεσημειωμένα
403 3728 445 3791 ad
468 3727 647 3812 Didymum
673 3722 885 3802 nihiipfacere
907 3721 1054 3805 videtur,
1088 3721 1148 3786 sed
1169 3723 1234 3786 He·

123 3829 242 3896 liodori
262 3828 388 3893 metrici
411 3849 504 3893 curas
529 3827 634 3889 innuit
650 3824 854 3911 Eupolideee
877 3844 1005 3910 quoque
1027 3827 1235 3911 κωλομετρίη

124 3932 303 3999 dedicatae.
349 3931 446 3994 Hune
474 3931 508 3991 in
537 3949 668 3992 sensnm
692 3928 890 4013 interpretor
919 3926 1016 3989 etiam
1045 3924 1146 3990 eehol.
1174 3925 1233 3989 Ar.

123 4036 211 4100 Avv.
232 4035 273 4097 42
295 4031 369 4096 coll.
390 4031 475 4120 qu.
498 4032 569 4114 980,
593 4051 675 4116 quae
698 4026 822 4093 scholia
843 4027 1014 4093 Heliodori
1037 4035 1147 4109 erunt,
1169 4027 1235 4091 nisi

125 4135 312 4224 Symmachi
334 4146 410 4201 sunt
430 4134 573 4198 metricis
597 4130 767 4197 Heliodori
791 4129 1074 4197 observationibus
1101 4129 1232 4194 utentis.
