2948 5024
1204 401 1244 468 89

672 585 702 642 7.

217 713 362 802 Hesyoh.
376 739 402 779 s.
414 739 446 778 v.
468 711 636 796 αἰθέρα·
661 711 872 797 ἐμπυρισμὸν
894 706 959 779 sind
984 716 1044 778 τοῦ
1067 715 1243 776 αἴθεσθαι·

134 811 321 899 Εὐριπίδης
352 819 506 899 Τραᾶσιν
531 815 618 904 (sic.)
663 815 827 903 Didymus
856 839 907 903 ap.
940 814 1039 880 sohel.
1062 814 1142 878 Eur.
1166 811 1243 875 Tro.

137 923 213 982 1071
239 941 270 1005 p.
290 920 330 981 ‘27
351 918 502 1006 Kampm.
527 918 581 983 uui
603 913 664 983 τὸν
689 919 809 1001 αἰθέρα
831 916 1049 1004 ἐπιβεβηκώς,
1072 911 1089 980 ὁ
1114 916 1244 982 Δίδυ-

133 1043 208 1103 μος
231 1017 291 1084 τὸν
311 1014 522 1104 ἐμπυρισμὸν
545 1014 610 1085 ιἰπό
634 1024 697 1085 τοῦ
718 1027 891 1088 αἴθεσθαι.
1006 1100 1017 1111 .

673 1192 703 1254 8.

220 1322 364 1410 Hesyoh.
398 1323 413 1386 Ι
446 1326 507 1388 880
545 1322 814 1391 δακτυλωτὸν
857 1328 1040 1409 ἔκπωμα·
1089 1325 1173 1388 ἔνιοι
1207 1315 1244 1385 τὸ

136 1424 245 1509 κέρας,
268 1419 408 1507 ἄμεινον
428 1423 465 1491 δὲ
488 1421 524 1490 td
540 1420 737 1509 ξώσιρωιον
757 1427 834 1512 (leg.
849 1423 1025 1513 ἄμφωτον)
1050 1423 1245 1509 λεγόμενον,

136 1520 156 1608 ἢ
185 1522 239 1590 διὰ
266 1521 303 1590 td
333 1515 401 1590 nita
431 1529 518 1609 ἔχειν
545 1529 672 1605 ἔξωθεν
700 1526 756 1593 καὶ
784 1524 954 1593 δύνασθαι
981 1539 1048 1604 τοῖς
1069 1522 1246 1598 δακτύλοις

136 1634 342 1708 κρατεῖσθαι,
390 1629 434 1724 Oi
454 1621 614 1693 δάκτυλοι
634 1629 813 1711 ἐνείοονιο.

222 1728 313 1793 Haeo
338 1731 440 1793 nostri
469 1752 541 1794 esse
564 1733 686 1796 evincit
705 1731 825 1796 Athen.
850 1731 900 1795 XI
921 1754 950 1819 p.
978 1732 1039 1795 468
1052 1729 1095 1791 Ι).
1136 1724 1248 1790 Verbo

137 1839 213 1896 sunt
229 1830 320 1894 ionis
343 1852 386 1895 ex
401 1831 648 1916 Agamemnone
666 1832 793 1915 fabulo,
816 1834 850 1897 in
871 1855 967 1920 quom
984 1832 1147 1917 Didymus
1163 1849 1247 1892 com·

135 1941 299 1997 mentetus
323 1941 382 1996 est.

674 2058 705 2119 9.

222 2186 367 2273 Hesych.
404 2188 436 2251 ΙΙ
473 2190 535 2252 519
584 2185 803 2272 μαγᾰδεις·
851 2186 950 2258 αὐλοὶ
988 2188 1246 2273 κιθαριστήριον.-

138 2282 287 2372 ὅργανον
309 2287 482 2366 ψαλτικόν.
505 2285 591 2356 ὅθεν
614 2291 668 2356 καὶ
690 2289 728 2357 sd
751 2290 892 2368 ψάλλειν
906 2290 1064 2376 μαγάζιιν
1079 2293 1246 2374 λέγουσιν.

138 2382 211 2455 οἷον
241 2385 336 2475 (Ἴων
366 2391 503 2480 Meurs.)
534 2387 697 2477 ὀμφάλιον
726 2390 890 2481 (Ὀμφάλῃ
918 2396 1018 2478 idem)
1048 2387 1069 2478 ἢ
1098 2392 1249 2477 μαγάδης

139 2487 241 2570 αὐλὸς
264 2486 459 2578 ἢγηθηβοῆς
482 2494 517 2579 (l.
539 2494 690 2580 μαγάᾶης
711 2492 814 2573 αὐλὸς
827 2491 976 2580 ἡγείσθω
993 2500 1075 2581 βοῆς
1085 2496 1248 2581 Wagner.

138 2595 190 2659 III
213 2618 244 2682 p.
268 2596 333 2682 30),
356 2589 429 2659 ἀντὶ
451 2599 529 2660 τοῦ·
553 2592 570 2660 ὁ
594 2597 753 2683 συνᾴδων
774 2602 815 2683 τῇ
834 2594 968 2681 μαγάδι.

223 2696 315 2763 Haeo
330 2698 429 2762 etiam
441 2698 622 2786 Didymum
638 2700 834 2786 explicuisse
851 2700 1063 2785 eognovimus
1076 2720 1118 2763 ex
1129 2696 1249 2762 Athen.

138 2822 169 2886 p.
202 2802 281 2864 1409
308 2798 389 2865 Ddf.
440 2799 610 2888 Sophoclis
641 2801 769 2888 quoque
792 2802 978 2866 testimonio
1003 2801 1251 2887 grammaticum

138 2899 170 2965 h.
191 2899 213 2965 l.
236 2923 331 2966 usum
354 2924 427 2967 esse
445 2903 541 2968 dooet
562 2902 656 2968 Phot.
679 2904 744 2969 lex.
769 2907 840 2987 239,
868 2908 904 2967 15
932 2902 1128 2988 μάγαδις·
1164 2909 1250 2979 μαλ-

138 2999 233 3068 τιιιόν
254 2999 418 3086 ὄργανον·
441 3000 531 3070 οὕτω
555 3010 746 3090 Σοφοκλῆς.

666 3163 716 3224 10.

223 3292 367 3380 Hesych.
399 3294 433 3357 II
458 3299 539 3360 1079
572 3300 843 3378 [ΠΤΚΝΑΙΑΝ]
877 3293 914 3360 τὸ
942 3297 979 3361 ἐν
1009 3291 1167 3380 Ἀθήναις
1197 3298 1250 3360 θι-

138 3391 337 3478 καστήριον,
359 3418 421 3478 νην
444 3394 890 3485 udxva‚'1ov.Theognost.
913 3402 962 3482 23,
989 3403 1025 3464 13
1048 3402 1249 3475 Πυκνίας·

140 3494 176 3561 τὸ
199 3497 237 3562 ἐν
255 3491 413 3580 Ἀθήναις
435 3498 663 3583 δικαστήριον.
694 3502 818 3588 Bergk.
841 3507 1006 3577 πνκναλας
1028 3497 1141 3580 πτερά.
1165 3498 1250 3564 Fon·

139 3608 205 3663 tem
235 3598 473 3667 observationis
503 3603 599 3668 huius
631 3606 736 3691 aperit
769 3602 924 3689 Stephon.
959 3601 1040 3686 Byz.
1074 3624 1105 3687 p.
1130 3604 1207 3680 529,
1232 3605 1250 3663 5

141 3697 284 3764 Meinek.
319 3703 447 3784 λέγεται
479 3702 534 3767 καὶ
555 3707 703 3768 πνκναλα
734 3696 825 3786 [παρ’
842 3697 963 3783 ἼωνιΙ·
1006 3703 1194 3782 Δίδυμος
1216 3699 1255 3764 δέ

139 3816 256 3883 φησιν,
278 3797 329 3868 ὅτι
352 3799 434 3885 (τὴν
456 3799 569 3868 ιιύιινα
591 3797 634 3867 ἂν
651 3810 702 3887 εἴη
722 3804 830 3884 λέγων
853 3798 939 3868 uti)

673 3973 721 4034 11.

223 4104 276 4170 Ab
301 4105 362 4170 hoe
395 4107 466 4171 loeo
497 4105 663 4194 profectus
691 4127 855 4192 eousque
878 4102 1252 4192 processitMeinekius,

135 4215 171 4271 nt
202 4207 236 4271 in
263 4205 367 4271 altero
392 4206 552 4295 Hesychii
579 4207 650 4273 loeo
680 4217 834 4294 corrupto
856 4207 954 4273 etism
977 4228 1095 4271 nomen
1116 4204 1253 4294 Didymi

133 4309 321 4373 restitueret
343 4306 408 4372 vol.
431 4308 466 4373 II
488 4333 519 4394 p.
539 4313 602 4376 692
628 4314 855 4394 Νυμφαῖον
873 4305 1016 4392 ὄχθον·
1038 4302 1126 4372 Ἴων.
1148 4303 1167 4371 ὁ
1190 4305 1253 4374 ιιό-
