2962 5018
1155 412 1217 474 283

112 593 362 669 tyaeensem,
382 580 499 644 deinde
512 578 740 643 Soteridam
752 576 853 642 Suida
869 587 901 641 et
912 577 1060 641 Eudocia
1070 576 1218 661 testibus,

113 683 254 767 denique
269 681 466 767 Dionysium
482 679 646 745 Cratetem
661 679 842 744 Euclidem.
865 681 914 743 Ac
933 679 1131 765 Dionysium
1153 680 1220 765 qui-

114 785 188 848 dem
213 779 353 846 Tzetzae
386 805 451 846 non
481 781 748 866 distinguendum
775 802 847 844 esse
874 780 1014 845 arbitror
1046 778 1087 843 ab
1120 779 1220 866 hypo·

114 885 320 953 mncmatista
356 884 478 948 codicis
514 882 725 956 Havniensis.
768 881 808 945 In
844 882 958 946 cadem
988 881 1075 946 anim
1102 880 1220 945 incude

114 985 273 1050 fabricata
293 986 460 1066 videntur,
482 1007 565 1071 quae
587 985 621 1047 in
644 982 745 1048 schol.
766 984 870 1048 Andr.
894 986 934 1048 32
958 983 1039 1048 Cob.
1060 1004 1081 1045 a
1101 975 1163 1046 ὅσα
1177 1020 1220 1031 -

113 1087 298 1173 τραγῳδίας
324 1086 477 1171 leguntur
505 1096 602 1170 atque
631 1085 732 1149 schol.
759 1086 922 1150 Or..1686
945 1094 976 1150 ct
999 1105 1124 1168 argum.
1146 1081 1219 1147 Alc.

114 1186 195 1252 Cob.
240 1187 305 1251 Sed
324 1186 490 1252 difficilius
514 1195 563 1250 est
582 1187 758 1269 extricatu,
789 1188 861 1273 quis
887 1189 949 1251 iste
970 1184 1151 1272 Dionysius
1174 1184 1221 1246 in-

111 1286 316 1372 tellegendus
337 1290 389 1354 sit.
433 1290 594 1353 Musicum
618 1288 941 1353 Halicarnassenssm
969 1288 1129 1353 iuniorem
1150 1306 1222 1350 esse

112 1396 258 1451 statuunt
283 1388 427 1453 Meinek.
455 1390 546 1453 Com.
582 1389 641 1454 Gr.
672 1389 707 1453 ΙΙ
738 1393 817 1453 1240
844 1390 920 1455 hist.
949 1391 1020 1455 crit.
1044 1388 1135 1454 Com.
1162 1386 1220 1450 Gr.

112 1513 144 1574 p.
170 1493 208 1552 16
229 1488 272 1552 Η.
295 1489 383 1553 Keil.
406 1489 492 1554 Mus.
517 1490 621 1555 Rhen.
637 1491 686 1555 VI
708 1515 739 1578 p.
764 1495 832 1554 130.
855 1496 928 1574 131,
959 1514 1020 1555 nec
1042 1491 1112 1553 sine
1135 1488 1221 1551 simi-

113 1587 250 1653 litudine
272 1591 354 1654 veri.
398 1592 464 1655 Res
484 1592 571 1655 enim
593 1601 626 1656 et
647 1593 790 1655 musicae
816 1601 848 1656 ct
871 1593 1020 1657 choricae
1042 1599 1223 1655 tractantur

114 1690 148 1752 in
176 1689 289 1755 scholl.
316 1693 374 1755 Or.
406 1696 550 1755 179-79
577 1693 626 1757 IV
649 1717 681 1778 p.
711 1696 772 1756 314
803 1694 919 1758 Matth.
947 1694 1106 1757 Androm.
1136 1691 1221 1754 103?

114 1791 213 1876 Hipp.
249 1796 288 1856 67
320 1791 401 1856 Cob.
432 1792 555 1858 Phoen.
585 1796 646 1857 202
685 1793 730 1881 (V
755 1817 787 1879 p.
818 1798 869 1859 59.
894 1800 934 1860 60
964 1795 1025 1879 Μ.)
1056 1793 1129 1859 Alc.
1160 1794 1221 1856 918

113 1893 201 1956 Med.
226 1897 302 1975 517,
325 1915 460 1980 quorum
482 1895 612 1980 quidem
634 1894 778 1960 locorum
800 1898 1013 1962 novissimum
1035 1919 1096 1983 par
1117 1917 1223 1980 neque

114 2015 134 2056 a
154 1993 300 2081 Didymo
324 1994 488 2060 abhorret.
529 1990 660 2078 Ἐτέχω.

200 2296 403 2364 Scholiorum
432 2297 603 2386 Sophoclis
630 2299 924 2367 Laurentianorum
951 2315 1115 2370 auctorem
1139 2286 1223 2369 dixi·

114 2420 186 2461 mus
206 2408 335 2483 practer
355 2401 493 2486 Didymi
514 2397 780 2465 commentarium
803 2404 949 2467 eiusdem
971 2407 1086 2487 etiam,
1116 2424 1222 2490 neque

115 2521 193 2562 vero
206 2498 390 2563 Palamedis
403 2501 552 2582 Eleatici,
567 2500 656 2576 λέξιν
672 2497 834 2583 τραγικήν
845 2525 1020 2588 usurpasse
1035 2505 1105 2588 (Tr.
1117 2507 1128 2564 1
1141 2507 1222 2588 161),

115 2599 704 2686 (11111111111111ρ111111ξ1111111101.
717 2602 770 2665 El
784 2606 841 2665 451
858 2605 1122 2668 commentarioi.
1136 2624 1164 2665 e.
1178 2606 1222 2688 τῷ

115 2694 331 2783 ὑπομνήματι
343 2722 386 2764 cx
396 2699 536 2764 adverso
547 2703 635 2785 poni,
642 2710 678 2764 ut
689 2702 831 2788 suspicio
843 2702 1038 2787 suboriatur,
1052 2704 1139 2769 idem
1148 2667 1223 2767 aliis

116 2805 212 2866 etiam
229 2801 308 2865 locis
322 2823 395 2864 esse
409 2800 531 2864 factum
532 2794 731 2886 ,denique‘
712 2802 935 2919 νπομνήματα
951 2805 1021 2868 sive
1035 2801 1115 2880 τούς
1127 2805 1221 2890 (τρο)

116 2898 497 2985 ὑπομνηματισαμένους
519 2922 539 2963 a
559 2886 790 2967 commentario
810 2905 870 2990 (τῷ
885 2898 958 2989 dar.)
981 2912 1131 2969 accurate
1152 2927 1224 2969 esse

117 3001 349 3087 distinguenda
363 3001 477 3088 (schol.
490 3002 559 3066 00.
573 3002 659 3086 681),
678 3003 856 3090 eademque
872 3005 1047 3092 aDidymo
1061 3006 1223 3091 usurpari,

117 3105 159 3166 ad
179 3101 318 3166 verbum
337 3102 468 3183 referri,
492 3102 638 3167 refutari.
684 3103 810 3184 Quodsi
833 3108 880 3169 ita
901 3113 959 3187 est,
982 3128 1076 3192 spero
1097 3105 1167 3170 fore
1186 3115 1223 3170 ut

116 3205 208 3268 iuxta
230 3225 357 3266 mecum
376 3225 488 3268 omnes
510 3203 719 3288 intellegant,
748 3215 895 3269 veterum
913 3208 947 3269 in
969 3205 1223 3293 Aristophanem

117 3302 312 3367 scholiorum
335 3303 532 3367 simillimam
557 3326 629 3370 esse
648 3307 882 3371 condicionem.
913 3308 964 3370 Ac
983 3306 1068 3371 lexis
1091 3308 1222 3392 quidem

113 3392 245 3487 ’κωμική
267 3403 342 3491 plus
363 3404 436 3467 vice
458 3404 597 3491 simplici
619 3417 749 3492 praeter
770 3408 1036 3473 commentarium
1058 3408 1092 3469 in
1114 3414 1223 3492 partes

117 3514 252 3569 vocatur
272 3503 354 3589 (vid.
368 3504 384 3567 I
402 3527 473 3592 cap.
488 3510 506 3567 5
522 3531 553 3593 p.
566 3509 606 3570 72
619 3507 714 3572 huius
728 3508 830 3592 libri),
843 3507 944 3571 schol.
962 3506 1047 3570 Plut.
1065 3508 1126 3568 313
1145 3506 1222 3568 Pac.

117 3608 189 3684 959,
211 3603 298 3668 unde
320 3604 471 3686 efficitur,
492 3617 529 3670 ut
547 3608 849 3672 ratiocinationibus
865 3608 994 3692 saepius
1012 3607 1077 3668 iam
1093 3626 1113 3667 a
1128 3603 1223 3667 nobis

117 3707 283 3789 usurpatis
303 3704 365 3766 hoc
386 3726 513 3790 quoque
535 3708 606 3771 loco
629 3705 780 3769 admissis
799 3704 959 3790 Hesychii
978 3712 1009 3767 et
1031 3703 1223 3768 scholiastae

117 3823 321 3883 consensum,
344 3824 545 3890 quocumque
559 3805 676 3891 pedem
695 3806 787 3891 ligas,
811 3805 953 3884 obvium,
974 3804 1051 3868 inde
1069 3803 1223 3889 explices,

118 3903 205 3990 quod
236 3911 372 3989 uterque
400 3903 581 3989 Didymum
614 3916 716 3974 semet
745 3907 853 3991 ipsum
885 3905 925 3969 de
959 3926 1049 3968 more
1077 3903 1223 3989 expilan-

116 4014 182 4067 tem
206 4003 365 4068 adhibuit.
408 4002 538 4066 Deinde
563 4028 646 4094 quae
668 4009 701 4070 in
723 4018 871 4091 tempora
895 4005 1039 4090 Didymo
1061 4006 1225 4068 anteriora

117 4102 320 4167 descendunt
351 4107 582 4169 commentaria
614 4104 668 4193 (τὰ
699 4101 935 4192 ὑπομνήματα)
969 4105 1092 4192 passim
1120 4112 1223 4168 trans·

117 4203 237 4287 scripta
268 4203 540 4291 deprehendimus
572 4207 674 4271 schol.
705 4205 792 4270 Avv.
826 4209 885 4269 124
906 4246 949 4256 -
973 4199 990 4270 ὁ
1013 4203 1076 4287 μὲν
1098 4207 1223 4269 Καλλί-

117 4326 218 4386 μαχος
230 4305 372 4395 γράφων
391 4301 510 4393 οὕτως,
526 4312 726 4394 Λικυμνίαις
740 4310 867 4395 βολαῖς,
892 4311 1014 4396 φησί..
1030 4355 1037 4373 .
1051 4356 1076 4394 .,
1100 4300 1223 4391 ταύτης
