2962 5018
232 394 293 456 274

233 557 287 632 nio
309 553 371 618 hoc
392 576 520 641 quoquc
542 553 614 618 loco
635 573 705 616 uso.
728 569 731 575 ·
751 551 887 638 Didymi
921 573 993 616 esse
1016 573 1082 616 non
1109 559 1217 637 potest
1244 549 1348 614 schol.

235 656 305 721 00.
329 656 391 718 718
419 655 493 720 coll.
517 653 691 719 Ammonio
718 654 896 734 Νηρηΐδες.
942 651 1120 716 Lubricum
1144 652 1241 714 etiam
1264 651 1350 715 iudi·

234 757 320 820 cium
343 764 396 819 est
421 757 462 820 de
483 756 584 822 schol.
605 754 675 819 OT.
698 756 775 834 616,
798 755 834 816 in
856 775 919 837 quo
941 754 1137 820 vocabulum
1159 746 1272 835 ἄμυνα
1303 751 1347 815 le-

234 859 333 943 gitur,
356 857 619 942 quoLobeckius
638 856 682 920 ad
704 852 880 940 Phrynich.
902 877 934 940 p.
957 858 996 917 23
1017 865 1117 939 negat
1137 864 1212 919 ante
1235 853 1346 918 Philo·

236 981 310 1022 nem
344 966 377 1021 et
405 958 614 1023 Plutarchum
647 954 750 1019 ullum
786 955 987 1019 Graecorum
1022 958 1215 1043 scriptorum
1250 978 1348 1019 usum

236 1083 324 1125 esse:
351 1060 414 1124 hoc
441 1060 528 1123 enim
554 1059 657 1122 utitur
679 1058 776 1120 etiam
797 1053 898 1117 schol.
922 1054 1002 1118 Eur.
1025 1056 1148 1120 Phoen.
1173 1060 1245 1121 283.
1269 1061 1345 1121 653.

685 1289 905 1301 -ι--ι

320 1468 373 1530 De
402 1463 534 1528 scholiis
561 1463 765 1551 Euripideis,
798 1466 984 1550 etymologo
1014 1487 1133 1549 magno
1165 1471 1197 1526 et
1225 1465 1348 1529 Suidae

238 1571 374 1656 ignotis,
406 1567 578 1654 quominus
607 1588 747 1651 aequum
774 1565 882 1628 facere
911 1566 1066 1629 iudicium
1098 1565 1261 1651 possimus
1289 1567 1348 1628 im-

236 1673 386 1761 pedimur
413 1667 544 1756 quidem
567 1667 734 1753 hucusque
758 1667 830 1751 ipsa
857 1665 1053 1729 scholiorum
1078 1664 1268 1733 condicione
1290 1668 1349 1728 tri·

237 1774 379 1837 stissima
395 1770 453 1857 (cf.
474 1767 707 1854 Bernhardyus
722 1765 797 1830 hist.
811 1766 869 1830 Gr.
890 1766 951 1829 litt.
967 1766 1002 1828 ΙΙ
1020 1788 1052 1851 p.
1068 1755 1140 1828 886.
1155 1767 1242 1848 887),
1267 1787 1348 1852 quo-

237 1897 309 1938 rum
335 1874 369 1935 in
394 1870 560 1952 indigesta
587 1869 671 1933 mole
704 1868 785 1931 vilia
815 1867 1071 1954 Byzantinomm
1104 1865 1277 1929 titivillitia
1304 1866 1349 1929 ab

238 1972 450 2058 exquisitiore
471 1968 771 2034 Alexandrinorum
800 1970 1085 2052 grammaticorum
1110 1967 1259 2031 doctrina
1282 1967 1348 2030 dis·

237 2093 369 2135 cernere
397 2091 450 2133 res
475 2090 617 2134 nauseae
643 2070 741 2155 plena
771 2070 830 2151 sit3
856 2069 988 2133 scholiis
1015 2077 1125 2133 tamen
1150 2069 1192 2134 ab
1213 2070 1348 2133 Amatis

237 2174 467 2257 Kampmanno
485 2169 671 2256 (Dindorf.)
695 2167 833 2233 Cobetio
859 2170 1080 2257 (Witzschel.)
1105 2194 1123 2234 e
1150 2170 1244 2234 codd.
1267 2169 1345 2232 Vat.

237 2276 299 2337 969
329 2271 430 2335 Maro.
459 2269 575 2334 Venet.
603 2274 663 2333 471
694 2270 797 2355 Neap.
824 2270 923 2336 Borb.
956 2276 1013 2336 165
1037 2272 1072 2334 ΙΙ
1099 2272 1126 2334 F
1149 2275 1168 2334 9
1191 2272 1288 2335 editis
1313 2269 1349 2333 id

237 2374 388 2438 effectum
412 2380 479 2454 est,
501 2381 538 2436 ut
557 2371 611 2435 vel
632 2370 781 2435 hebetior
798 2373 900 2454 acies,
923 2395 988 2460 qua
1008 2374 1140 2438 tandem
1161 2373 1246 2436 facie
1269 2371 1348 2435 Ale-

236 2475 472 2540 xandrinorum
498 2473 722 2536 commentarii
755 2472 926 2560 Euripidei
958 2474 1096 2556 fuerint,
1132 2472 1347 2559 contemplari

235 2577 350 2663 possit.
395 2575 503 2660 Atque
531 2573 612 2638 haec
634 2573 772 2655 scholia,
798 2596 935 2659 quorum
962 2574 1086 2661 duplex
1107 2583 1214 2639 exstat
1235 2595 1347 2637 recen-

238 2679 303 2757 sio,
322 2675 435 2740 florem
458 2684 490 2739 et
510 2674 652 2739 colorem
673 2694 766 2736 suum
786 2673 931 2759 Didymo
953 2675 1071 2740 debere
1087 2677 1151 2740 viri
1175 2675 1262 2739 docti
1281 2684 1347 2736 sta·

237 2779 294 2840 tim
318 2777 552 2840 intellexerunt
566 2776 903 2862 pronunciaruntque,
927 2776 1164 2842 Schneidewin.
1177 2778 1212 2838 in
1227 2797 1346 2838 nuncu.

237 2878 330 2941 erud.
356 2877 446 2941 Gott.
478 2878 557 2940 1847
585 2877 866 2940 fasc.154-156
893 2880 933 2942 Ο.
953 2879 1142 2945 Schneider.
1170 2877 1204 2939 in
1226 2875 1346 2940 Philol.

238 2975 291 3039 III
311 2980 330 3037 4
352 2999 384 3061 p.
408 2979 479 3058 757,
502 2977 600 3064 quil.
623 2977 644 3040 l.
668 3001 699 3063 p.
724 2979 784 3038 754
808 2977 1053 3043 Brunnemanni
1074 2999 1202 3068 quoque
1225 2978 1346 3041 disser-

236 3079 392 3140 tationem
414 3076 638 3161 inauguralem
659 3077 700 3140 de
724 3087 808 3143 auct.
832 3080 945 3144 scholl.
965 3080 1071 3144 Vatia.
1097 3081 1140 3145 ad
1162 3078 1241 3142 Eur.
1265 3078 1344 3143 Tro.

237 3176 346 3240 Berol.
378 3179 457 3239 1846
485 3187 715 3241 commemorat
741 3179 822 3243 mihi
843 3202 909 3245 non
937 3182 1052 3244 visam.
1104 3180 1230 3260 Quibus
1255 3180 1348 3263 prior

239 3278 275 3342 C.
300 3277 530 3341 Lachmannus
557 3280 592 3341 in
613 3279 696 3342 Mus.
717 3281 822 3345 Rhen.
845 3283 861 3345 Ι
884 3306 915 3368 p.
937 3285 999 3345 317
1028 3281 1257 3368 Aristophanis
1280 3281 1347 3367 By·

237 3380 338 3442 zantii
365 3378 462 3441 etiam
483 3378 746 3444 observationum
773 3382 928 3469 reliquias
950 3383 1074 3467 aliquot
1096 3381 1159 3446 sibi
1183 3383 1347 3467 reperisse

236 3481 328 3543 visus
356 3479 443 3542 hunc
467 3481 623 3565 imprimis
648 3481 691 3544 ad
708 3491 811 3547 artem
829 3495 943 3570 poetae
961 3483 1140 3546 attendisse
1160 3483 1346 3568 suspicatus

237 3589 296 3644 est.
342 3580 434 3661 Quae
461 3579 666 3645 subtilissimi
693 3585 799 3647 critici
830 3586 987 3671 suspicio,
1015 3587 1144 3647 tamesti
1174 3606 1279 3670 neque
1301 3585 1345 3647 A.

237 3681 387 3746 Nauckio
418 3683 649 3769 Aristophanis
684 3688 869 3771 sospitatori
902 3687 1121 3751 eruditissimo
1148 3708 1180 3771 p.
1211 3686 1262 3748 62.
1292 3688 1346 3766 63,

237 3803 342 3869 noque
369 3783 410 3847 G.
435 3782 570 3847 Wolffio
602 3783 643 3847 de
670 3785 784 3850 scholl.
810 3785 960 3872 Sophool.
991 3788 1090 3850 Laur.
1120 3809 1151 3872 p.
1177 3788 1216 3850 27
1245 3786 1346 3872 plane

236 3882 407 3967 probetur,
436 3893 544 3949 tamen
569 3886 648 3970 quin
672 3886 917 3973 aliquammulta
939 3887 1151 3975 Aristophani
1179 3889 1261 3975 Bya.
1290 3888 1348 3952 de·

236 3981 390 4065 beantur,
421 3985 617 4068 Callistrati,
648 3988 775 4073 siquid
797 3989 910 4070 video,
940 3990 1048 4053 studio
1069 3990 1112 4053 ad
1134 4013 1194 4054 nos
1215 3989 1347 4076 pervul-

237 4091 313 4164 gata
335 4082 406 4168 (Or.
427 4087 500 4148 304.
523 4088 595 4150 424.
618 4090 694 4150 1631
722 4087 761 4152 R.
783 4088 938 4153 Schmidt.
962 4090 1004 4154 de
1024 4089 1168 4155 Callistr.
1191 4092 1293 4155 Arist.
1311 4113 1346 4176 p.

240 4183 277 4242 19
291 4213 332 4239 ε
344 4185 405 4245 325
421 4183 535 4269 ch.),
556 4186 699 4251 dubitari
714 4210 778 4251 non
793 4191 921 4273 poterit,
942 4193 1052 4277 quain
1068 4195 1229 4256 sententia
1244 4192 1346 4255 etiam

237 4279 277 4342 0.
301 4280 535 4349 Schneiderum
557 4285 578 4348 l.
591 4286 612 4348 l.
629 4312 660 4372 p.
675 4293 735 4352 758
756 4291 859 4354 fuisse
875 4292 973 4356 video
1002 4294 1087 4378 (arg.
1109 4293 1197 4357 Med.
1222 4291 1345 4358 Bacch.
