2964 5010
238 368 278 429 58

234 537 363 599 nianes.
386 532 460 597 Hoc
481 542 570 597 certe
592 534 698 596 minus
721 534 847 614 mirum,
870 532 957 619 quod
973 531 1232 598 Eratosthenieis
1250 543 1350 617 earet,

235 636 327 698 cuius
356 635 397 699 de
421 656 454 698 v.
484 631 616 717 δοάξων
639 635 833 697 sententiam
852 642 907 697 aut
927 635 1149 719 opinationem
1171 634 1206 698 in
1226 634 1349 720 Dioge·

234 736 326 800 niani
342 735 542 819 farraginem
560 757 626 800 non
643 736 848 819 immigrasse
864 756 908 799 ex
922 743 965 798 et.
977 758 1020 799 m.
1033 734 1055 799 l.
1067 758 1096 799 ο.
1112 744 1226 820 patere
1238 737 1350 802 videa·

234 847 296 902 tur.
320 836 540 922 Saganissims
559 846 610 902 est
625 836 666 901 de
683 836 715 901 h.
729 838 751 902 l.
764 836 925 902 Lobeekii
937 837 1124 901 coniectura
1137 838 1174 900 in
1183 837 1347 926 Aglaoph.

235 939 269 1003 Il
298 962 329 1025 p.
358 942 447 1003 1031.
491 937 680 1024 Hesychius
709 938 725 1003 l
758 941 835 1002 1031
867 937 967 1003 habet
987 937 1084 1002 haee:
1114 937 1290 1021 Δμόξων
1312 938 1350 1002 ἐν

235 1045 374 1127 Σικελίᾳ
396 1037 500 1125 ἱερόν,
521 1042 567 1115 εἰς
589 1033 609 1103 δ
628 1038 771 1122 γεωργοὶ
796 1034 895 1122 εὐχὰς
917 1041 1078 1124 ἔπεμπον,
1100 1034 1186 1106 ὅθεν
1200 1038 1256 1104 καὶ
1270 1036 1348 1122 ‹ipri—

235 1145 348 1221 ξοντες
370 1148 446 1226 (ωε.
469 1142 570 1207 Mero.
594 1137 775 1223 δοάσοντες
796 1151 879 1206 teste
895 1141 935 1205 N.
952 1140 1090 1225 Sobora,
1113 1143 1131 1219 ξ
1151 1141 1197 1207 Μ.
1213 1141 1349 1207 Musuro

235 1245 386 1328 debetur,
420 1243 623 1329 δρόσσονιες
643 1243 764 1308 Bernh.
784 1243 875 1308 Erat.
902 1266 934 1330 p.
962 1243 1037 1324 166,
1067 1244 1122 1330 qui
1153 1254 1228 1330 post
1257 1239 1351 1325 ἱερὸν

234 1346 384 1411 lacunam
407 1347 533 1433 statuit)
557 1342 750 1429 ἐκλήθησαν
772 1347 819 1430 [ol
837 1393 974 1409 .....
997 1339 1248 1429 όιραόζοντεςῖλ
1282 1345 1347 1411 Pro

235 1441 395 1513 Eme
408 1446 493 1513 malo
507 1441 666 1512 o’rA‘Ao
678 1447 730 1512 vel
741 1442 867 1524 οὔλους
883 1449 1088 1530 mergites&
1113 1446 1348 1533 Bernhardyus

235 1550 419 1614 oonieoerat
440 1543 600 1632 ἀπαρχάς.
634 1549 801 1614 Lacunam
822 1559 896 1635 post
918 1546 1011 1630 ἱερὸν
1029 1550 1143 1613 statuit
1165 1550 1262 1612 etiam
1285 1548 1348 1613 Lo-

234 1651 390 1732 beckiur,
433 1651 587 1736 supplens
629 1674 660 1715 τι
692 1641 736 1733 ἦν
769 1654 971 1728 Κοτνττούς.
1026 1650 1215 1736 Etymologi
1245 1649 1349 1715 verba

234 1755 344 1840 priora
361 1754 409 1818 sio
430 1752 595 1817 emendari
610 1761 779 1837 poterunt:
801 1753 1032 1838 Δηάξων“)·
1054 1754 1160 1817 θυσία
1175 1750 1229 1814 vel
1248 1748 1347 1833 ἑορτὴ

236 1853 474 1936 ἐπιτελουμένη
505 1855 562 1939 (of.
582 1854 727 1940 Hesyeh.
751 1856 920 1941 Σιτνλδες)
944 1849 1114 1935 Σικελική.
1143 1899 1242 1917 .....
1262 1846 1350 1918 ὅθεν

235 1955 291 2020 καὶ
311 1958 332 2020 δ
339 1955 548 2038 οόξοντες.
593 1959 746 2040 σημαίνει
769 1954 834 2022 κτὲ.
878 1956 1009 2023 Deinde
1028 1954 1216 2021 Lobeokius
1240 1950 1350 2032 οὕτως

233 2054 481 2150 Ἐρατοσθένης.
537 2053 699 2139 Σώφρων
737 2056 773 2122 δὲ
810 2053 1053 2135 ααψιιιιδόλονς
1085 2056 1184 2137 λέγει.
1238 2056 1351 2122 Possit

234 2171 344 2225 tamen
372 2158 434 2223 sub
465 2163 574 2241 καλεῖ,
604 2169 641 2224 ut
662 2159 743 2224 loeis
761 2162 956 2242 innumeris,
987 2159 1089 2223 latere
1110 2156 1350 2241 Callimachus3

169 2274 172 2285 ⁹
235 2263 278 2328 of.
294 2263 333 2327 Ο.
346 2260 535 2327 Schneider.
558 2263 593 2326 in
608 2262 715 2326 diurn.
738 2272 804 2327 snt.
829 2263 914 2328 stud.
938 2263 1017 2325 1848
1039 2282 1071 2345 p.
1085 2260 1157 2324 786.
1192 2261 1247 2323 An
1270 2262 1347 2324 scri-

235 2361 377 2427 bendum
418 2357 527 2441 οὕτως
556 2357 808 2447 Ἐρατοσθένης.
857 2359 944 2446 ζήτει
979 2365 1026 2439 εἰς
1057 2356 1095 2425 τό
1122 2357 1347 2444 κατιηδόλους.

236 2460 326 2546 ταρὰ
347 2453 467 2530 οὖντὸ
491 2462 693 2550 δρόττεσθαι
714 2473 871 2532 καλεῖται.
910 2465 984 2529 Ηοο
1000 2462 1260 2548 supplementum
1278 2485 1349 2528 sua·

235 2566 291 2631 det
314 2566 500 2654 Hesychius
522 2563 826 2652 nupturientes·
859 2559 877 2630 ό
899 2561 982 2649 μετὰ
1003 2567 1072 2630 suiv
1093 2560 1135 2629 τὰ
1156 2557 1281 2646 ἄλφιτα
1302 2559 1348 2647 μὴ

234 2667 403 2733 διδόντων
424 2663 599 2755 ἁλόμενος,
619 2671 677 2736 ubi
698 2669 845 2735 Lobeelr.
870 2668 892 2732 l.
915 2689 943 2732 o.
965 2666 1102 2751 corrigit
1123 2663 1349 2731 διαδιδόντων

235 2763 425 2852 iterassem
459 2773 545 2837 malo
576 2769 826 2856 μεταδιδόντων
853 2766 1057 2851 εἱλούμενος.
1110 2766 1220 2853 Atque
1251 2767 1283 2830 h.
1314 2789 1348 2831 v.

234 2871 401 2955 aptissime
444 2895 519 2936 eum
551 2871 684 2958 δρόξων
714 2872 890 2937 contulisse
926 2868 1110 2936 censendus
1144 2877 1195 2932 est
1225 2877 1266 2932 et.
1303 2890 1348 2932 m.

234 2978 356 3034 auctor.
402 2971 508 3037 Alteri
527 2975 614 3038 enim
636 2972 796 3039 vocabulo
821 2995 896 3038 oum
926 2993 987 3058 pro
1008 2969 1151 3037 naturali
1170 2990 1232 3033 sua
1251 2968 1349 3052 origi-

234 3071 367 3135 natione
388 3080 421 3135 et
441 3081 574 3152 raptoris
598 3083 632 3139 et
652 3080 766 3140 moechi
785 3074 876 3139 notio
895 3082 929 3139 et
949 3083 1027 3137 nota
1047 3073 1158 3137 inusta
1177 3071 1236 3152 sit,
1252 3072 1286 3134 in
1302 3070 1349 3134 al·

234 3181 304 3248 tero
326 3172 388 3237 hoo
409 3195 428 3237 e
450 3176 575 3239 uomica
589 3175 730 3262 quadam
744 3177 875 3241 iocandi
888 3175 1102 3261 ambiguitate
1117 3172 1224 3236 faceta
1240 3172 1350 3237 inesse

234 3280 351 3359 potest.
408 3275 463 3340 Sie
492 3274 621 3341 Latinis
652 3282 771 3354 furtum
798 3278 963 3363 signifieat
994 3284 1167 3361 utrumque
1195 3279 1351 3339 Diebstutl

236 3382 269 3438 et
298 3381 479 3441 verstoltleae
501 3383 597 3444 liene.
653 3379 801 3464 Etenim,
829 3383 878 3446 uti
904 3400 991 3444 nunu
1012 3377 1149 3442 Lueiani
1176 3384 1349 3440 contextus

235 3477 339 3540 nostri
360 3479 537 3562 comparati
554 3490 639 3562 sunt,
661 3481 767 3548 forma
781 3481 1038 3565 ἐγκαψικίδαλος
1056 3478 1158 3541 utitur
1173 3478 1208 3541 in
1222 3476 1347 3563 lexiph.

234 3600 263 3640 ο.
289 3581 327 3640 10
348 3586 372 3642 t.
393 3578 429 3642 II
449 3602 481 3665 p.
506 3582 567 3644 336
588 3581 716 3666 Iaobz.3
749 3585 810 3649 sed
831 3582 902 3649 eod.
924 3583 956 3645 A
973 3580 1117 3645 omnium
1136 3581 1348 3666 praestantis·
1389 3652 1390 3655 Ἴ

142 3690 145 3694 ’
234 3678 336 3742 simus
357 3680 437 3745 etE
463 3683 621 3767 praebent
642 3681 950 3768 ἐγκαμψικήδαλος,
982 3703 1004 3745 a
1031 3702 1096 3767 qus
1119 3681 1259 3747 lectione
1281 3681 1346 3746 for·

233 3789 320 3845 tasse
334 3803 401 3847 non
422 3782 585 3852 debebant
607 3788 762 3852 resedere
785 3787 937 3852 editores.
967 3783 1135 3871 Hesychio
1157 3785 1244 3848 enim
1263 3792 1347 3848 teste

234 3878 417 3965 κήδαλον
432 3894 482 3950 est
497 3890 638 3973 αἰδοῖον,
661 3889 771 3972 κε’ρας,
794 3886 1002 3970 σκάλαθοον.
1024 3889 1215 3951 κίδαλον·
1239 3883 1345 3969 κρόμ-

232 4006 330 4066 μυον.
375 3987 490 4073 Itaque
519 3989 562 4053 ad
594 3990 709 4054 comici
740 3990 851 4055 neseio
878 3991 970 4054 euius
997 3989 1105 4053 locum
1125 3988 1268 4073 aliquem
1290 3985 1347 4050 ob·

162 4170 173 4183 ο
233 4087 410 4152 senriorem
428 4090 487 4153 tris
507 4090 672 4154 exstitisse
687 4092 843 4157 lectiones
861 4091 973 4157 variae
989 4090 1159 4172 videntur,
1182 4087 1346 4172 ἐνκαμψι-

303 4310 328 4374 1)
347 4304 462 4376 Mede·
482 4301 542 4376 οόαὴ
562 4306 697 4378 λεγομένη
716 4304 861 4376 Σικελική.
