2962 5018
217 393 279 456 314

215 559 250 629 οί
268 556 406 641 κύρβεις
424 555 659 639 γεγραμμένοι,
677 553 868 639 δεδήλωκεν
883 548 1070 639 Εὐφορίων
1091 554 1128 619 ἐν
1148 559 1193 642 τῷ
1206 550 1328 623 ’Λκολ-

215 657 365 746 λοδύρφ.
388 649 409 741 ἢ
435 657 516 741 έκεί,
538 661 632 741 φησί,
654 653 734 734 τούς
756 651 877 735 ἄξονας
898 656 953 721 καὶ
976 653 1055 734 τούς
1077 653 1214 741 κύρβεις
1235 651 1328 722 ἅνω-

214 768 279 826 θεν
301 760 338 826 έκ
361 763 419 844 τῆς
446 754 662 841 ἀκροπόλεως
685 760 731 835 είς
751 754 788 823 τὸ
813 757 1059 843 βουλευτήριον
1082 757 1136 823 καὶ
1159 754 1221 841 τὴν
1242 753 1329 841 ἆγο-

213 857 280 945 ρὰν
300 860 500 948 μετέστησεν
518 856 703 945 Ἐφιάλτης,
727 854 772 936 ὥς
791 877 897 943 φησιν
908 852 1123 944 Ἀναξιμένης
1146 860 1183 926 ἐν
1203 867 1329 927 Φιλιτι-

215 974 334 1040 τικοῑς.

299 1082 391 1147 Hacc
412 1084 577 1169 pertinent
597 1082 639 1147 ad
661 1082 757 1145 Dcm.
787 1103 815 1144 c.
837 1080 997 1144 Aristocr.
1020 1084 1050 1161 ᾖ.
1074 1082 1113 1144 28
1134 1103 1166 1167 p.
1191 1082 1262 1161 629,
1288 1083 1328 1144 16

214 1185 308 1250 Phot.
337 1187 416 1266 324,
439 1187 474 1246 21
512 1182 604 1248 Suid.
633 1207 659 1247 s.
683 1207 716 1247 v.
743 1182 825 1247 Poll.
855 1186 893 1246 H
913 1184 972 1244 128
1000 1203 1033 1267 p.
1058 1184 1118 1246 352
1147 1181 1255 1245 Bekk.
1287 1219 1324 1227 —

215 1285 344 1350 Schacs.
370 1306 448 1379 upp.
478 1286 549 1349 crit.
578 1283 628 1348 IV
655 1310 686 1372 p.
711 1277 821 1370 28ἐη.
852 1282 960 1348 mclct.
991 1284 1062 1347 crit.
1089 1305 1121 1368 p.
1145 1284 1184 1346 78
1209 1281 1325 1345 vertit:

216 1392 290 1450 ‘das
313 1392 416 1451 Gesetz
444 1398 533 1451 νκῖεκ
563 1392 626 1465 uus
648 1393 705 1452 der
730 1392 836 1451 δαῖτ’.
861 1424 899 1435 -
935 1384 987 1450 Of.
1006 1407 1038 1470 p.
1063 1387 1102 1447 23
1129 1391 1194 1447 not.
1218 1391 1250 1446 et
1270 1382 1325 1446 III
1365 1372 1369 1378 ’

217 1510 249 1574 p.
272 1491 309 1550 12
334 1487 442 1574 (Olsn.
468 1489 560 1551 1853.
584 1487 643 1573 8.).

296 1627 324 1701 s.
352 1621 512 1709 Harpocr.
536 1625 605 1706 180,
629 1627 668 1690 26
691 1607 935 1706 Δημοσθένους
957 1617 990 1686 δ’
1016 1619 1052 1685 έν
1074 1623 1120 1706 τῷ
1141 1613 1214 1683 κατ’
1235 1613 1326 1702 ’Λρι-

215 1727 425 1807 στογείτονος
446 1725 601 1807 λέγοντος
624 1714 742 1801 εούτος
764 1714 829 1789 οὖν
850 1718 955 1788 αύτόν
975 1720 1180 1805 ἐξαιρήσεται
1200 1715 1325 1804 ὁφαρ-

215 1822 339 1908 μακός’
359 1827 546 1910 Δίδυμος
569 1831 803 1911 προαερισιτᾶν
825 1821 914 1903 ἀξιοῖ
927 1818 1087 1908 τοῦνομα.
1104 1823 1118 1910 u
1133 1818 1208 1888 ἀλλ’
1230 1818 1326 1906 ἡμεῖς

215 1922 278 2010 ούχ
297 1922 443 2010 εὕρομεν
464 1922 553 1992 οὕτω
575 1951 643 1993 κου
665 1925 728 2011 την
744 1932 874 2012 χρῆσιν.

301 2045 353 2110 cf.
381 2045 477 2109 Dem.
508 2069 535 2110 c.
564 2049 709 2132 Aristog.
732 2048 748 2110 Ι
771 2050 822 2111 81).
868 2048 950 2111 Cum
971 2045 1229 2131 Harpocratione
1250 2064 1327 2107 con-

215 2148 328 2211 cinunt
350 2145 441 2211 Suid.
466 2156 498 2211 ct
518 2146 611 2211 Phot.
639 2150 711 2231 610,
732 2152 761 2212 3.
790 2149 844 2213 Ex
865 2148 979 2212 codem
1001 2170 1032 2232 p.
1052 2148 1123 2227 610,
1142 2147 1160 2208 8
1185 2142 1328 2208 elucebit

216 2247 314 2311 etium
339 2243 475 2334 Didymi
500 2251 662 2315 sententia
690 2251 824 2314 minime
852 2271 1024 2336 perversa,
1057 2267 1154 2334 quam
1186 2243 1258 2330 ille,
1292 2248 1328 2310 ni

216 2347 323 2430 fallor,
341 2351 525 2414 accuratius
548 2351 581 2414 in
604 2350 699 2415 libris
720 2353 977 2434 παρεφθορυίας
990 2349 1106 2425 λέξεως
1122 2349 1273 2433 exposuit
1288 2388 1324 2396 -

216 2451 374 2534 βραχέως.
403 2451 438 2514 οἱ
453 2447 489 2515 δέ
502 2446 616 2528 Ἴωνες
636 2450 840 2528 ἐκτείνοντες
862 2454 997 2534 λέγουσι
1017 2452 1205 2533 φαρμᾶκον.
1231 2438 1327 2514 οὗτοι

217 2547 281 2632 γὰρ
305 2544 360 2614 διὰ
384 2545 445 2633 τὴν
467 2554 536 2616 των
558 2548 740 2637 βαρβάρων
763 2557 929 2638 διοίκησιν
953 2548 1160 2634 ἐλυμήναντο
1176 2553 1234 2631 τῆς
1251 2551 1328 2614 διοι-

217 2652 337 2716 λέκτου
359 2650 396 2715 τὸ
420 2647 574 2737 πάτριον,
596 2649 636 2719 τὰ
658 2656 772 2738 μέτρα,
793 2650 872 2731 τούς
893 2650 1047 2737 χρόνους.
1077 2652 1176 2733 δηλοῖ
1193 2650 1247 2714 καὶ
1257 2646 1329 2717 Ἱπ-

217 2754 340 2831 πῶνοιξ.
385 2754 564 2820 Herodian.
590 2756 677 2842 apud
700 2757 821 2822 Arcad.
844 2757 884 2821 de
905 2777 973 2820 acc.
996 2757 1046 2836 51,
1067 2753 1126 2817 9Β
1150 2751 1328 2835 φαρμακός

215 2855 345 2919 accinit.

300 3012 332 3068 ς.
357 2990 477 3055 Athen.
494 2992 547 3057 XI
566 3014 598 3077 p.
615 2996 715 3060 4861)
745 2999 1041 3075 Λυκιουργεῖς·
1061 2988 1327 3075 -μνημονεύει

218 3094 280 3156 τού
292 3088 454 3169 Λύκωνος
469 3100 580 3177 Λημο
592 3094 749 3178 σθένης
769 3094 806 3158 έν
828 3096 875 3180 τῷ
896 3090 971 3175 κερὶ
990 3094 1052 3155 τού
1072 3093 1244 3175 στεφάνου
1262 3088 1327 3158 κᾶν

218 3196 263 3279 τῷ
284 3187 368 3274 τιρός
394 3189 564 3275 Τιμόθεον
585 3189 716 3280 ὕβρεως
740 3195 848 3276 λέγων
867 3189 974 3270 οὕτως
996 3190 1137 3275 1φιύλας
1152 3200 1328 3275 Λυκιουρ-

219 3304 287 3377 γεῖς
308 3289 417 3357 δύο’.’
449 3293 566 3382 [abieci
589 3296 722 3384 spuriu]
769 3290 871 3377 ὅπερ
893 3292 1173 3379 ἐξηγούμενος
1193 3298 1327 3361 Δίδυ-

130 3417 131 3420 ’
218 3418 293 3479 μος
318 3389 336 3458 ὁ
367 3392 650 3479 γραμματικὸς
678 3392 735 3473 τὰς
756 3390 823 3461 ὑπὸ
848 3399 978 3461 Λυκίου
999 3396 1081 3479 φησί
1102 3413 1328 3462 κατεσκευασ-

98 3588 100 3593 Ι
218 3496 330 3581 μένας.
363 3485 406 3579 ἦν
425 3495 461 3562 δὲ
485 3486 584 3574 οὗτος
605 3491 641 3562 τό
666 3496 763 3578 γένος
786 3493 942 3572 Βοιύτιος
963 3496 996 3574 ἐξ
1012 3492 1233 3582 Ἐλευθερῶν,
1253 3492 1329 3576 ὑιός

219 3595 391 3680 Μύρωνος
420 3601 482 3663 τού
510 3592 811 3682 ἀνδριαντοποιοῦ,
845 3593 890 3675 ὡς
917 3597 1082 3682 Πολέμων
1110 3599 1214 3683 φησίν
1240 3600 1277 3665 έν
1306 3624 1328 3664 α

219 3699 295 3781 περὶ
323 3694 547 3782 ἀκροπόλεως.
564 3700 577 3788 ΙΙ
592 3694 710 3783 ἀγνοεῖ
730 3694 764 3764 δ’
790 3695 807 3765 ὁ
832 3696 1076 3784 γραμματικός,
1102 3695 1154 3765 ὅτι
1176 3697 1236 3765 τόν
1256 3724 1329 3768 τοι-

219 3805 322 3866 οῦτον
340 3798 567 3885 σχηματισμὸν
587 3795 652 3865 ἀπὸ
676 3804 804 3884 κυρίων
823 3795 1000 3886 ὀνομάτων
1022 3796 1086 3866 οὐκ
1110 3796 1152 3865 ἄν
1167 3825 1217 3878 τις
1231 3797 1328 3885 εύροι

219 3899 438 3987 γιγνόμενον,
460 3896 536 3967 ἀλλ’
560 3897 624 3967 ἆκδ
652 3899 784 3968 πόλεων
805 3895 825 3986 ἢ
849 3901 962 3968 ἕδνων
984 3907 1053 3966 κτλ.
1099 3903 1224 3967 Eadem
1247 3904 1328 3988 fere,

219 4004 333 4068 sedin
355 4007 489 4069 brevius
511 4012 623 4069 coacta
644 4004 804 4092 Ha1pocr.
831 4007 905 4086 122,
930 4007 967 4066 14
989 4008 1223 4088 Λυκιουργεῖς.
1255 4011 1330 4088 Δη-

219 4104 389 4188 μοσθένης
410 4104 514 4191 ἐντῷ
536 4101 620 4186 τιρός
639 4102 820 4188 Τιμόθεον.
859 4101 1053 4188 Δίδυμός
1073 4121 1156 4188 φησι
1179 4104 1238 4182 τᾶς
1259 4099 1328 4170 ὑκδ

219 4208 280 4270 τοῦ
307 4208 438 4271 Λυκίου
466 4207 774 4290 κατεσκευασμένας
802 4206 925 4290 φιάλας
955 4208 1018 4269 τού
1043 4202 1217 4288 Μύρωνος
1250 4205 1330 4270 υίού

220 4299 319 4383 ὄντος
341 4308 504 4392 εἰρῆσθαι.
527 4308 540 4396 Η
561 4301 698 4393 ἀγνοεῖν
720 4303 757 4373 δὲ
779 4308 889 4374 ἔοικεν
905 4300 923 4372 ὁ
942 4302 1168 4394 γραμματικός
1190 4316 1222 4372 et
1243 4330 1275 4395 q.
1301 4329 1328 4372 ε.
