2932 5002
1175 423 1237 488 383

129 590 235 676 τομὴν
255 595 323 656 τῶν
342 585 561 672 Ἡρακλείδου
584 592 712 672 λεσχῶν
727 612 786 677 pro
809 592 877 653 τῶν
889 583 1128 672 Ἡρακλέωνος.
1162 590 1241 655 For-

19 725 32 748 ·
128 705 216 760 tasse
245 693 386 758 scribam
410 692 641 779 imperitiorem
673 689 793 754 fefellit
824 691 1054 779 compendiosa
1081 694 1243 777 scriptura

129 834 198 894 τῶν
216 791 428 911 Ἡρακῖδλεῖ.
472 828 514 892 V.
538 827 628 900 Bast.
653 825 776 889 Comm.
799 826 966 911 palaeogr.
987 849 1019 913 p.
1044 828 1101 888 881
1126 846 1174 912 sq.

215 932 278 995 His
302 931 460 1018 expositis
490 936 652 1016 superest,
679 936 716 990 ut
737 926 939 991 sententiam
959 949 1065 991 meam
1086 929 1241 1012 aperiam,

130 1034 292 1120 quomodo
316 1033 458 1118 potuerit
487 1030 558 1094 fieri
595 1037 630 1091 ut
654 1027 819 1114 Didymus
855 1029 889 1091 in
917 1029 1130 1115 symposiacis
1157 1051 1242 1115 sym-

129 1136 237 1198 mictis
273 1137 315 1219 (si
343 1155 426 1220 quae
455 1131 601 1216 fuerunt)
631 1130 672 1193 fr.
698 1130 742 1192 *8
769 1129 812 1192 ad
834 1129 1065 1216 Aristophanis
1089 1131 1242 1217 Byzantii

131 1233 207 1318 περὶ
234 1229 414 1319 ὀνομασίας
446 1228 587 1318 ἡλικιῶν
620 1229 827 1310 tractatum)
864 1230 1054 1295 deferretur.
1108 1232 1243 1296 'Poterat

129 1360 207 1401 vero
231 1360 282 1401 me
311 1337 419 1401 iudice
442 1336 609 1422 aptissime
630 1332 683 1396 vel
707 1355 744 1397 eo
767 1331 855 1412 loeo,
889 1355 984 1419 quem
1004 1334 1242 1420 pertractandis

130 1438 259 1503 Solonis
272 1438 369 1502 rebus
389 1437 623 1523 sententiisque
638 1435 871 1517 destinaverat,
892 1434 944 1498 vel
961 1436 987 1498 si
1004 1457 1067 1522 quo
1083 1438 1188 1521 capite
1202 1434 1242 1497 dc

131 1563 264 1605 numero
283 1540 468 1627 septenario
486 1538 645 1624 exposuit,
668 1559 705 1600 eo
728 1557 980 1600 commemorare
997 1536 1126 1601 Solonis
1145 1538 1242 1610 etiam

131 1641 253 1726 elegias
276 1641 360 1723 illas,
384 1642 525 1705 fortasse
547 1638 793 1725 suppositicias,
818 1636 987 1725 inquibus
1005 1646 1147 1702 aetatum
1165 1660 1243 1725 quo·
1351 1686 1356 1696 .

123 1764 192 1828 'que
215 1745 410 1807 mutationes
429 1765 488 1829 per
508 1740 726 1828 septenarium
741 1738 813 1803 fieri
830 1741 971 1804 carmine
988 1740 1244 1804 demonstratum

131 1851 191 1905 est.
238 1843 290 1908 Cs.
321 1844 425 1908 Clem.
453 1841 551 1907 Alex.
578 1841 626 1915 VI
654 1864 686 1928 p.
710 1843 771 1905 494
793 1841 865 1905 ΑΒ.
897 1839 974 1929 (Th.
995 1840 1118 1926 Bergk.
1142 1840 1241 1905 PLG.

131 1966 163 2030 p.
185 1948 247 2009 346
277 1945 328 2010 ed.
360 1943 442 2009 afr.
466 1946 532 2032 27).
576 1945 686 2032 Atque
713 1940 872 2029 singulari
902 1942 1040 2028 quodam
1071 1944 1177 2029 capite
1201 1942 1243 2006 ab

131 2056 263 2111 auctore
290 2056 400 2113 nostro
424 2048 600 2134 septenarii
624 2047 750 2110 numeri
778 2046 916 2108 virtutes
943 2046 1149 2130 praedicatas
1171 2067 1243 2109 osse

130 2149 317 2214 verosimile
339 2159 389 2213 cst
411 2148 528 2212 collato
550 2148 675 2235 Hygia.
698 2145 853 2212 CCXXI.
879 2146 923 2211 ΙΙ,
944 2146 1007 2228 Ill,
1027 2149 1081 2234 qai
1104 2149 1244 2234 primum

132 2259 256 2336 septem
284 2251 448 2337 sapientes
471 2273 509 2315 eo
533 2271 596 2337 qno
617 2260 728 2314 noster
755 2248 879 2330 ordine,
903 2248 1021 2312 deinde
1047 2259 1167 2335 septem
1197 2248 1244 2334 ly-

131 2352 227 2431 ricos,
250 2360 413 2436 postremo
434 2359 557 2437 septem
580 2371 680 2436 opera
698 2350 924 2415 memorabilia
942 2359 1100 2413 recenset.
1129 2348 1244 2436 Neque

133 2451 269 2515 offendit
306 2452 339 2514 in
378 2450 419 2514 fr.
453 2451 471 2488 *
484 2453 502 2513 9
539 2450 687 2514 additum
719 2449 914 2514 vocabulum
953 2443 970 2514 ὁ
1006 2449 1244 2534 γραμματικός,

133 2574 206 2617 curn
229 2552 348 2617 Suidas
371 2560 508 2616 testetur
526 2552 684 2614 musicum
708 2552 805 2615 etiam
824 2551 1115 2638 philosophumque
1140 2552 1245 2639 Didy-

132 2676 239 2737 mum,
273 2652 460 2718 Heraclidis
488 2652 605 2734 filium,
639 2652 762 2716 clarum
785 2657 1033 2737 grammaticum
1056 2652 1175 2735 fuisse,
1206 2675 1245 2717 ac

132 2779 289 2844 perquam
319 2753 476 2819 credibile
505 2754 548 2818 sit
579 2752 781 2818 Clementem
808 2754 888 2818 baec
910 2754 1012 2819 verba
1040 2778 1078 2820 eo
1109 2755 1245 2821 consilio

133 2860 340 2945 apposuisse,
373 2865 410 2919 ut
431 2855 518 2919 hunc
539 2855 731 2943 Didymum,
755 2856 903 2943 quisquis
926 2857 955 2920 is
979 2866 1058 2941 erat,
1080 2856 1121 2922 ab
1144 2857 1244 2922 Areio

133 2959 278 3046 Didymo
299 2954 493 3045 philosopho
516 2954 742 3043 distingueret.
773 2958 941 3041 Insignem
962 2981 1041 3024 vero
1064 2959 1244 3023 doctrinam

134 3062 166 3124 in
189 3061 331 3144 homine,
353 3058 492 3145 Didymi
518 3057 726 3124 Chalcenteri
748 3069 888 3125 sectator
907 3063 963 3146 qui
985 3061 1048 3126 fuit
1073 3062 1246 3149 prolesque

134 3161 321 3226 Heraclidis
342 3161 480 3248 Didymi
502 3163 726 3245 amantissimi,
749 3186 814 3228 non
836 3172 886 3250 est
908 3164 995 3250 quod
1015 3166 1180 3230 miremur.
1204 3203 1246 3214 -—

135 3265 225 3329 Cave
249 3263 390 3349 denique
412 3284 452 3326 ne
467 3262 528 3326 hoc
544 3275 736 3349 argumento
758 3274 870 3330 contra
884 3266 1064 3353 Didymum
1085 3269 1245 3332 iuniorem

134 3375 243 3448 utare,
276 3365 362 3451 quod
393 3364 436 3429 fr.
465 3365 515 3429 *9
542 3376 654 3430 auctor
681 3367 829 3432 Neanthe
858 3368 1022 3455 Cyziceno
1057 3379 1140 3434 teste
1167 3390 1245 3432 usus

135 3469 177 3532 sit
199 3490 219 3532 a
242 3465 456 3532 Chalcentero
479 3469 608 3554 saepius
631 3467 788 3533 adhibito.
815 3469 953 3556 Scripsit
974 3472 1059 3535 enim
1080 3469 1246 3533 Neanthes

135 3579 168 3631 et
189 3565 265 3649 περὶ
286 3571 539 3651 Πυθαγορικῶν
564 3578 596 3632 et
618 3567 694 3649 περὶ
715 3573 868 3652 τελετῶν,
892 3592 909 3633 e
931 3570 1049 3656 quibus
1070 3570 1161 3634 libris
1176 3568 1246 3655 phi-

136 3666 304 3752 losophum
333 3669 477 3731 musicae
506 3670 614 3732 studio
645 3668 803 3732 imbutum
831 3670 1049 3734 verosimilius
1073 3682 1122 3735 ost
1141 3670 1246 3756 prol-

136 3770 236 3849 cisse,
267 3790 363 3855 quam
384 3770 631 3854 grammaticum
654 3768 924 3833 Alexandrinum.
970 3769 1008 3835 C.
1032 3771 1181 3836 Mueller.
1204 3770 1245 3834 ir.

136 3870 224 3933 histt.
247 3868 306 3934 Gr.
330 3869 394 3934 vol.
419 3868 471 3932 III
495 3893 526 3956 p.
551 3874 569 3932 5
589 3893 660 3957 sqq.

209 4112 234 4179 l)
264 4112 296 4163 In
318 4112 378 4163 cod.
403 4111 508 4163 Bodlei.
536 4112 600 4163 olim
622 4112 733 4162 Mearm.
758 4112 837 4162 Anct.
859 4112 887 4163 11
915 4114 939 4163 ll
970 4114 1018 4164 tol.
1037 4115 1070 4166 78
1093 4131 1119 4165 v.
1139 4119 1249 4164 exstant

136 4187 265 4264 ὀνόματα
283 4195 340 4248 τῶν
357 4194 590 4265 μεθηλικιῶσεων
606 4197 658 4248 τοῦ
677 4189 847 4262 ἀνθρώπου.
872 4192 995 4250 Ἡλικίαι
1014 4198 1066 4250 τοῦ
1078 4192 1248 4266 ανθρώπου.

44 4335 52 4342 ,
138 4283 283 4347 Διαφοραὶ
309 4278 429 4351 ἡλικιῶν
452 4278 524 4335 κατὰ
544 4280 656 4344 πλάτος.
696 4287 737 4337 Cf.
758 4287 847 4337 Crem.
867 4287 982 4342 anecdd.
1002 4290 1065 4339 Par.
1084 4289 1122 4338 IV
1139 4304 1166 4353 p.
1188 4289 1246 4348 177,

140 4373 175 4420 215
195 4387 237 4436 sq.
349 4388 353 4395 ·
