2962 5018
242 381 304 444 290

244 539 408 627 εὐκαίρως
435 537 516 627 ἡμῖν
538 545 726 626 διείληπται
748 544 811 630 ’(ο1.
836 545 924 608 Avv.
950 544 1062 629 1121);
1097 552 1195 630 atque
1222 545 1358 612 Pindari

170 711 175 718 ,
244 653 464 710 enarraturam
492 646 595 709 fuisse
621 654 768 709 nostrum
794 646 830 708 in
857 643 976 729 vulgus
1005 655 1127 710 notum.
1173 644 1281 710 Schol.
1316 649 1361 712 ad

244 748 366 833 Vespp.
392 749 449 808 151
480 748 536 833 qui
558 747 689 832 scripsit
711 745 838 810 Cratini
860 747 1070 830 interpretem
1100 768 1135 810 se
1161 747 1272 832 prodit
1307 749 1357 811 his

243 875 324 917 usus
345 849 456 914 verbis
478 847 515 912 ἐν
535 846 573 912 δὲ
593 858 662 924 τοῖς
685 847 760 926 περὶ
780 850 953 930 Κρατίνου
977 844 1151 928 διώρισται
1172 845 1238 911 κτὲ.
1277 848 1357 913 Pos-

244 956 289 1019 sis
312 952 443 1040 quidem
460 971 534 1013 cum
545 947 692 1032 Bergkio
707 970 822 1013 comm.
841 950 882 1013 de
896 945 989 1034 reliq.
1002 969 1084 1011 com.
1097 948 1167 1012 Att.
1184 973 1216 1036 p.
1230 952 1292 1015 264
1315 951 1356 1015 de

244 1053 439 1142 Symmacho
461 1052 606 1134 cogitare
628 1048 775 1113 adhibito
798 1049 922 1114 Herod.
950 1048 1026 1112 dict.
1051 1048 1110 1114 sol.
1134 1072 1166 1135 p.
1189 1055 1239 1133 39,
1259 1055 1355 1115 26:

243 1182 275 1244 p.
295 1159 353 1220 139
376 1155 427 1218 ed.
443 1152 569 1233 Labra,
591 1174 622 1237 q.
643 1149 665 1213 l.
689 1151 727 1213 ἒν
748 1166 836 1214 τισιν
859 1149 1046 1214 defenditur
1068 1152 1354 1235 grammaticorum

243 1279 332 1322 more
354 1252 628 1341 praepositionem
655 1249 693 1314 ίν
723 1271 762 1313 ea
791 1251 825 1314 vi
846 1251 1028 1336 praeditam
1056 1253 1213 1337 ponendi,
1242 1251 1278 1317 ut
1310 1257 1355 1319 sit

244 1364 439 1422 ‘auctoritate
457 1359 585 1418 alicuius
605 1358 715 1422 (παιδ’
747 1350 861 1437 (schol.
884 1350 981 1416 Hom.
1005 1359 1036 1417 A
1057 1355 1129 1417 258.
1152 1357 1212 1417 340
1244 1353 1353 1420 Philo-

244 1461 309 1544 log.
333 1456 554 1543 111p.453);
586 1453 645 1517 sed
666 1450 845 1537 Didymum
869 1451 993 1516 Cratini
1016 1475 1145 1541 quoque
1167 1457 1354 1520 comoedias

242 1562 425 1625 illustrasse
453 1578 470 1618 e
499 1555 605 1618 lexico
633 1554 778 1617 eiusdem
807 1554 929 1618 comico
951 1555 1133 1620 clarissime
1154 1567 1253 1643 patet.
1298 1557 1354 1621 Ex

116 1711 119 1715 ψ
243 1662 358 1727 eodem
376 1658 494 1738 lexico,
516 1656 596 1719 milri
618 1655 724 1736 crede,
746 1655 920 1717 accersivit
935 1656 1120 1742 Hesychius
1142 1659 1240 1721 etiam
1266 1659 1354 1742 glos-

187 1840 188 1843 ,
243 1763 348 1828 sulam
370 1753 541 1841 ἅχυρος·
564 1751 700 1839 ἀχυρών
734 1754 872 1842 (Phryu.
895 1778 969 1843 app.
993 1759 1084 1845 soph.
1107 1783 1139 1846 p.
1164 1765 1182 1822 7
1205 1759 1353 1825 Lobeck.

243 1864 367 1949 Phryn.
380 1884 411 1946 p.
427 1861 513 1944 166),
537 1881 601 1945 qua
619 1880 699 1945 quos
715 1866 827 1943 poetas
843 1861 1041 1942 spectaverit
1064 1860 1190 1925 edisces
1211 1883 1229 1924 e
1249 1861 1352 1927 scbol.

242 1964 366 2049 Vespp.
392 1961 472 2024 1310
498 1954 516 2023 ὁ
546 1956 582 2023 δὲ
605 1953 729 2041 ἅχυρος
752 1953 832 2041 παρ’
856 1954 1023 2025 Εὐπόλιδι
1046 1961 1084 2025 ἐν
1105 1966 1230 2049 Χρυσῷ
1249 1964 1353 2045 γένει,

243 2060 332 2130 ὅπου
360 2061 415 2127 καὶ
440 2057 477 2126 τὸ
506 2056 687 2134 Πλάτωνος
716 2055 912 2138 παράκειται
943 2058 975 2138 ἐξ
1001 2054 1188 2139 Ἀδώνιδος.
1239 2064 1352 2129 Nostri

242 2187 322 2230 vero
355 2166 389 2228 in
414 2161 561 2247 Eupolin
593 2160 825 2224 commentaria
857 2170 951 2225 extra
982 2162 1217 2229 dubitationem
1245 2168 1353 2253 posita

243 2275 329 2332 sunt
374 2263 427 2328 Of.
457 2262 552 2325 huius
581 2262 688 2347 operis
717 2259 790 2324 111).
804 2260 840 2323 II
869 2284 940 2349 cap.
975 2267 1023 2327 13.
1068 2265 1181 2352 Neque
1207 2266 1351 2332 dubitari

241 2390 350 2456 posse,
370 2388 448 2430 num
461 2364 600 2450 Didymi
622 2384 664 2425 an
684 2360 768 2425 alius
791 2362 961 2428 cuiusdam
979 2368 1201 2457 commentarii
1217 2368 1351 2433 Menan-

242 2470 314 2535 drei
334 2467 505 2533 citentur
496 2463 1257 2549 1111ο1101.Ανν.1738είρηταιδὲτοῦτοίν
1282 2482 1351 2547 τοις

209 2574 215 2586 ’
243 2572 499 2654 Μενανδρείοις,
520 2564 773 2632 O.Schne1dero
792 2588 824 2651 p
840 2566 876 2627 15
896 2574 928 2628 et
949 2588 980 2651 p.
995 2566 1034 2628 98
1055 2566 1152 2632 facile
1172 2571 1298 2635 adsent
1275 2582 1349 2636 t.ror

242 2674 332 2754 Quid
356 2672 500 2758 ,denique
534 2666 575 2731 de
603 2666 843 2730 commentariis
870 2664 1054 2729 Homericis
1091 2668 1197 2734 dicam
1229 2673 1351 2738 diserte

241 2776 277 2837 in
295 2773 396 2837 schol.
421 2771 507 2835 Plut.
530 2770 591 2832 589
612 2768 689 2831 Pac.
714 2769 776 2829 376
790 2767 970 2852 respectis?
1004 2769 1104 2832 Suum
1129 2771 1163 2835 in
1187 2773 1352 2839 Holcades

241 2874 508 2939 commentarium
527 2873 597 2956 ipse
615 2870 694 2932 citat
716 2867 750 2929 in
772 2865 873 2929 schol.
896 2868 976 2953 Lys.
990 2873 1061 2954 723,
1085 2874 1172 2959 quod
1194 2877 1257 2961 ipsi
1280 2878 1353 2941 sine

239 2973 309 3038 ulla
329 2973 532 3038 dubitatione
549 2967 782 3034 vindicandum
805 2989 877 3032 esse
894 2971 929 3033 in
949 2976 1219 3039 commentatione
1239 2987 1354 3041 nostra

241 3074 283 3138 de
300 3074 407 3137 lexico
422 3072 545 3136 comico
568 3070 734 3134 evicimus.
772 3070 859 3134 Hinc
881 3070 968 3136 locos
988 3072 1064 3137 huic
1081 3076 1237 3160 gemellos
1259 3079 1353 3142 iuxta

240 3194 368 3237 mecum
386 3172 531 3256 Didymo
554 3170 690 3234 tribues.
735 3170 809 3235 Uno
832 3172 904 3236 loco
926 3173 1043 3259 (schol.
1066 3176 1142 3242 Pac.
1171 3181 1247 3241 1241
1276 3178 1352 3262 ἐξῆ-

242 3273 398 3339 (τινικαὶ
424 3271 462 3336 ἐν
488 3283 559 3350 ταῖς
588 3270 753 3355 ἐκλογαῖς)
788 3273 869 3358 quid
894 3273 1029 3358 faciam,
1059 3300 1125 3342 non
1147 3279 1261 3343 habeo.
1306 3282 1354 3343 At

243 3375 343 3441 schol.
367 3375 567 3465 Plstf-
473 3377 535 3438 550
563 3395 644 3438 cave
670 3394 711 3436 ne
737 3374 845 3437 minus
870 3374 973 3439 felicit
960 3385 1010 3440 ter
1031 3377 1073 3442 ab
1101 3379 1380 3446 Hemsterffivstc-

145 3480 334 3539 defuen
358 3483 410 3539 ato
439 3497 512 3539 cum
544 3473 742 3539 Schneidero
775 3474 821 3537 ita
850 3475 1001 3563 abutare,
1034 3489 1071 3544 ut
1101 3479 1352 3545 violentioribus

169 3568 358 3638 'medici
377 3575 528 3641 manibus
551 3576 690 3641 admotis
715 3578 884 3662 quaesitae
908 3583 1089 3645 sententiae
1114 3581 1351 3645 accommodes.

240 3675 351 3740 Verba
372 3675 488 3743 scholii
510 3687 585 3744 sunt
605 3678 686 3742 haec
706 3673 878 3761 μᾶλλον”
856 3702 900 3742 αν
923 3703 974 3758 τις
991 3677 1215 3765 ὑπονοήσειεν
1233 3680 1353 3763 ἕτερον

238 3775 427 3843 Διονύσιον
452 3778 700 3865 Θρασυβονλου
728 3801 790 3843 του
778 3781 1005 3860 Κολυττίως
1026 3776 1242 3867 ἀδελφόυ,”
1221 3786 1353 3867 ηίγγι-

238 3897 300 3945 στα
321 3887 518 3964 συγγενείας
538 3877 634 3948 εἶναι.
680 3880 745 3945 καὶ
773 3880 816 3945 ἐν
842 3885 888 3967 τῇ
911 3878 1056 3948 Ἰλιάδι
1078 3887 1355 3968 σαφέστερον

238 3976 357 4045 οἶδεν
387 3975 409 4065 ἢ
436 3979 772 4064 κατὰΔίδυμον·
805 3975 857 4059 ὡς
880 3984 1136 4067 είτιςλέγοι
1158 3984 1224 4050 1(τὲ.
1269 3987 1353 4050 Din-

238 4081 359 4146 dorfius
388 4082 464 4148 add.
497 4083 540 4147 ad
562 4082 627 4146 vol.
649 4082 667 4145 I
692 4085 766 4165 185,
790 4085 809 4146 2
843 4086 877 4147 in
898 4084 963 4150 vol.
985 4083 1039 4147 III
1068 4088 1129 4150 399
1157 4085 1353 4152 Schneideri

237 4180 456 4247 dubitationes
477 4184 600 4248 nullius
627 4185 782 4249 momenti
805 4206 876 4249 esse
900 4193 1046 4253 statuens
1069 4186 1176 4277 locum
1193 4188 1353 4253 intactum

236 4282 379 4368 reliquit.
409 4284 496 4349 Male
518 4284 571 4348 hic
592 4285 724 4371 quidem
746 4296 778 4350 et
801 4288 928 4369 vitiose,
952 4310 1012 4351 nec
1033 4297 1143 4352 tamen
1160 4290 1356 4374 prosperius
