2962 5024
1187 411 1249 474 215

135 596 199 660 quo
221 571 259 636 O.
273 571 312 634 E.
335 569 394 635 Ch.
412 569 630 635 Schneiderus
647 570 771 635 scholia
793 570 899 638 denuo
926 573 1029 638 edidit
1046 577 1137 640 Vrat.
1159 579 1249 660 1843,

137 674 277 760 Didymi
297 673 486 737 memoriam
507 694 573 736 non
596 673 753 738 servavit.

680 864 711 925 3.

223 980 275 1044 Ol.
299 979 327 1042 B
350 981 389 1041 29
411 980 563 1061 ζητεῖται,
585 973 632 1043 δι’
656 973 699 1063 ήν
722 981 831 1044 αἰτίαν
854 973 1035 1063 εὐξάμενος
1057 983 1103 1067 τῷ
1114 979 1250 1065 Θήρωνι

139 1077 180 1145 τά
205 1076 363 1146 κάλλιστα
384 1074 596 1145 κατάπαυσιν
621 1085 690 1145 των
718 1082 940 1165 πραχθέντων
967 1084 1091 1147 δεινῶν
1113 1085 1250 1150 αἰτεῖται

140 1176 200 1245 τόν
221 1182 298 1245 Δία.
342 1179 398 1245 καί
425 1175 443 1245 ό
468 1177 543 1265 μὲν
562 1178 827 1268 Ἀρίσταρχός
855 1202 955 1267 φησι,
985 1178 1041 1250 διά
1063 1180 1100 1250 τό
1124 1207 1249 1269 κεκμη-

138 1283 232 1347 ιιέναι
261 1277 342 1359 τούς
374 1287 436 1347 τοῦ
456 1283 617 1368 Θήρωνος
646 1285 789 1368 πατέρας
821 1281 905 1350 κατὰ
935 1281 997 1369 τήν
1013 1279 1146 1370 Ῥόδον,
1181 1289 1250 1350 τῷν

138 1383 342 1468 πραγμάτων
362 1385 647 1472 στασιαζομένων,
668 1386 723 1452 καί
743 1382 833 1453 οὕτω
854 1381 916 1470 τήν
938 1388 985 1464 εἰς
1006 1384 1069 1470 τήν
1088 1390 1251 1453 Σικελίαν

136 1489 347 1571 μετοικεσίαν
371 1488 606 1571 στειλαμέυων.
635 1484 653 1554 ό
676 1492 697 1553 δ
703 1490 718 1555 ὲ
738 1490 929 1570 Δίδυμος
949 1481 987 1552 τό
1007 1480 1248 1574 ἀκριβέστερον

138 1592 195 1671 τής
224 1589 371 1671 ἱστορίας
398 1589 564 1654 ἐκτίθεται
599 1585 753 1675 μάρτυρα
782 1593 923 1673 Τίμαιον
951 1584 1012 1652 τὸν
1042 1588 1251 1668 συντάξαντα

137 1686 178 1754 τά
201 1689 277 1773 περὶ
299 1693 358 1773 τής
372 1693 529 1767 Σικελίας
549 1691 604 1776 (fr.
621 1695 659 1754 19
675 1692 740 1756 vol.
754 1692 771 1756 Ι
783 1714 815 1776 p.
831 1693 892 1755 240
904 1690 956 1755 ed.
970 1690 1098 1776 Muell.)
1120 1714 1251 1776 προφε-

138 1788 291 1874 ρόμενος.
336 1784 417 1873 ήδὲ
446 1792 574 1875 ἰστορία
596 1786 704 1869 οὕτως
732 1795 808 1876 ἔχει.
854 1787 977 1875 Θήρων
999 1785 1017 1854 ὁ
1043 1796 1112 1857 τῷν
1131 1789 1251 1881 ’Λκρα-

137 1880 308 1975 γαντίνων
329 1888 486 1976 βασιλευς
514 1894 642 1959 Γέλωνι
666 1899 712 1983 τῷ
730 1890 880 1978 Ἱέρωνος
910 1889 1047 1980 ἆδελφῷ
1069 1895 1249 1980 ἐπιτηδεύ-

140 2011 201 2071 σας
221 1992 316 2080 γάμῷ
342 1985 506 2058 συνάπτει
529 1991 592 2078 τήν
614 1989 722 2060 αὑτοῦ
747 1993 920 2077 θυγατέρα
941 1996 1162 2081 Δημαρέτην,
1184 1993 1246 2083 ἀφ’

138 2085 178 2179 ής
200 2095 256 2161 καί
274 2091 311 2159 τό
334 2095 565 2179 Δημαρέτειον
586 2092 732 2180 νόμισμα
750 2095 787 2159 έν
803 2099 953 2181 Σικελίᾳ.
992 2100 1053 2161 τοῦ
1077 2094 1114 2162 δὲ
1136 2098 1249 2165 Γέλω-

139 2219 198 2274 νος
219 2199 379 2261 τελευτάν
405 2195 466 2262 τὸν
494 2200 570 2282 βίον
595 2197 775 2282 μέλλοντος
796 2190 990 2280 Πολύζηλος
1018 2192 1166 2283 ἀδελφός
1186 2198 1248 2284 τήν

140 2300 340 2381 στρατηγίαν
362 2296 418 2363 καί
439 2294 502 2382 τήν
524 2295 671 2382 γαμετήν
691 2300 753 2362 τοῦ
779 2288 933 2379 ἀδελφοῦ
956 2298 1140 2383 διαδέχεται
1164 2300 1247 2368 κατά

138 2395 196 2477 τάς
208 2401 360 2476 Γέλωνος
381 2403 442 2464 τοῦ
463 2396 616 2484 ἀδελφοῦ
638 2392 842 2482 προστάξεις,
867 2391 1001 2462 ῷστετὸ
1017 2397 1179 2484 Θήρωνος
1202 2407 1248 2482 εἰς

139 2500 276 2566 Γέλωνα
298 2502 400 2582 κήδος
426 2504 471 2576 εἰς
494 2496 555 2565 τὸν
577 2496 774 2578 Πολύζηλον
793 2506 1063 2579 μετατεθεῖσθαι.
1107 2510 1248 2590 λαμπρῷ

138 2604 175 2669 δέ
205 2596 296 2693 αύτῷ
324 2602 379 2666 καί
406 2605 615 2687 περιβλέπτφ
642 2593 843 2679 τυγχάνοντι
876 2596 960 2663 κατὰ
994 2599 1056 2684 τήν
1087 2608 1248 2670 Σικελίαν

134 2699 247 2789 Ἱέρων
268 2702 445 2787 φθονήσας
472 2693 656 2782 όάδελφός
679 2694 734 2761 καί
757 2694 930 2781 πρόφασιν
953 2699 1168 2787 σκηψάμενος
1187 2703 1265 2772 τόν·

140 2800 224 2889 πρός
247 2807 439 2887 Συβαρίτας
470 2799 617 2884 πόλεμον
645 2793 829 2863 ἀπελαύνει
858 2804 917 2883 τής
944 2804 1121 2884 πατρίδος·
1163 2800 1247 2871 ἄλλά

138 2910 193 2973 καί
218 2911 340 2972 τοῦτον
367 2902 572 2983 κατώρθωσε
598 2896 659 2965 τὸν
687 2896 836 2983 πόλεμον
865 2895 882 2965 ὁ
912 2901 1115 2988 Πολύζηλος.
1167 2900 1246 2973 όδέ

138 3008 183 3095 μή
215 3008 329 3092 φέρων
351 3001 562 3088 γυμνότερον
585 2998 692 3067 αὐτοῦ
714 3013 912 3085 κατηγορεῖν
941 3003 1094 3089 ἐπειρᾶτο
1124 3031 1246 3074 νεωτε-

138 3114 269 3195 ρισμοῦ.
315 3104 370 3170 καί
392 3100 481 3170 οὕτω
503 3100 563 3169 τὸν
582 3104 727 3190 Θήρωνα
749 3099 1113 3191 ὑπεραγανακτήσαυτα
1134 3117 1246 3193 θυγα-

138 3209 216 3295 τρός
234 3205 301 3294 ἅμα
323 3206 377 3272 καί
396 3211 553 3292 γαμβροῦ
575 3208 735 3292 συρρήξαι
752 3201 835 3287 πρὸς
852 3201 985 3291 Ἱέρωνα
997 3208 1144 3294 πόλεμον
1156 3210 1246 3293 παρά
1354 3244 1358 3250 ·

137 3313 261 3398 Γέλληι,
282 3313 328 3396 τῷ
350 3312 576 3396 Σικελιωτικῷ
596 3312 749 3397 ποταμῷ,
771 3298 815 3373 ού
835 3313 1045 3395 Καλλίμαχος
1066 3313 1245 3397 μέμνηται·

137 3415 171 3477 οἰ
190 3411 227 3477 δέ
247 3414 334 3497 Γέλᾳ
352 3415 489 3497 ποταμῷ
511 3408 721 3493 ἐπικείμενον
742 3404 827 3474 άστυ
851 3412 906 3496 (fr.
928 3412 945 3474 I
966 3436 998 3498 p.
1022 3414 1112 3496 557).
1141 3411 1186 3495 μή
1208 3437 1246 3496 γε

137 3512 204 3597 μήν
223 3517 269 3590 εἰς
290 3509 437 3598 βλάβην,
467 3510 549 3593 μηδὲ
573 3514 619 3588 εἰς
641 3513 733 3588 τέλος
755 3516 969 3595 προχωρῆσαι
994 3509 1055 3576 τὸν
1085 3509 1244 3594 πόλεμον.
1333 3505 1334 3509 ’

138 3613 220 3697 φασὶ
241 3607 305 3695 γάρ
327 3608 402 3677 τότε
424 3614 621 3694 Σιμωνίδην
638 3608 699 3677 τόν
720 3610 861 3692 λυρικόν
883 3607 1104 3695 περιτυχόντα
1126 3614 1245 3677 διαλῦ-

138 3729 194 3776 σαι
213 3721 282 3787 τοῖς
303 3713 478 3795 βασιλεῦσι
500 3706 562 3792 τήν
585 3713 721 3793 ἔχθραν.
750 3709 892 3788 Τούτοις
910 3714 1040 3787 οἰκείως
1060 3721 1128 3788 τοῖς
1150 3709 1245 3794 φθά-

137 3827 237 3875 σασιν
256 3804 416 3892 εὔχεσθαι
438 3813 484 3896 τῷ
506 3814 569 3875 Διΐ
595 3828 699 3893 φησι
718 3806 779 3874 τόν
799 3813 973 3892 Πίνδαρον
997 3805 1015 3873 ὁ
1039 3812 1244 3895 Δίδυμος,

137 3907 223 3977 ὥστε
245 3906 367 3977 λοιπὸν
395 3905 510 3987 αὐτοῖς
538 3914 709 3994 εἰρηναῖον
730 3905 816 3974 εἰναι
841 3907 902 3975 τόν
931 3913 1016 3995 βίον.
1041 3907 1106 3974 κτέ.
1152 3912 1244 3992 Quae

135 4012 323 4079 Boeekhius
342 4036 374 4099 p.
398 4017 436 4078 65
458 4021 494 4076 ut
520 4033 619 4077 sensu
641 4033 735 4075 οεεεε
761 4011 1020 4098 necquidquam
1044 4013 1121 4076 novi
1143 4015 1244 4077 conti-

137 4115 248 4179 nentia
269 4115 394 4196 omisit,
423 4114 641 4179 Schneiderus
661 4111 682 4176 l.
704 4134 732 4176 ο.
754 4134 785 4197 p.
811 4114 848 4175 18
865 4135 903 4194 τι.
925 4119 943 4176 7
966 4135 984 4176 ο
1004 4112 1133 4177 laciniis
1155 4112 1243 4176 eodi-

136 4217 183 4278 cis
209 4215 373 4301 supplevit
399 4211 566 4299 κηδεστήν
592 4205 658 4279 οὖν
687 4207 786 4297 ὄντα,
817 4214 922 4297 φησίν
949 4206 967 4279 ὁ
990 4213 1159 4297 Δίδυμος,
1182 4207 1243 4277 τόν

137 4314 280 4400 Θήρωνα
302 4321 348 4406 τῷ
368 4314 552 4405 Πολυζήλῷ
580 4321 826 4400 παραμυθεῖται
852 4308 1071 4399 ὁΠίνδαρος.
1116 4311 1242 4398 γράφει
