2948 5024
229 384 288 445 198

225 550 392 616 Ameldus
422 548 603 615 Albertius.
658 547 710 614 cf.
734 549 825 613 Suid.
855 547 888 630 Ι,
916 549 935 610 2
968 572 1000 635 p.
1031 552 1091 612 743
1112 548 1234 613 Bernh.
1257 549 1340 614 Min-

229 651 347 737 garell.
368 652 464 717 codd.
487 652 571 716 Nan.
596 651 655 716 Gr.
674 674 706 737 p.
721 653 781 714 494
806 649 951 715 Zonaras
975 651 1126 718 Eustath.
1150 648 1189 714 Il.
1214 654 1248 715 N
1267 653 1339 733 935,

227 756 267 818 48
290 753 410 841 Odyss.
436 761 463 819 o
483 776 516 840 p.
543 755 622 817 1604
646 753 697 818 ed.
720 753 760 816 R.
783 751 867 816 Poll.
886 752 954 816 VII
976 756 1016 817 79
1039 753 1073 817 X
1098 753 1200 835 138¹).

312 853 352 918 V.
378 856 440 920 768
462 877 495 942 p.
522 858 579 918 165
597 853 685 936 δρῦν
706 849 771 938 γὰρ
790 854 879 936 λέγει
900 858 969 919 πᾶν
985 852 1145 938 δένδρον,
1166 854 1302 921 ef.Hes.
1323 855 1339 918 I

230 960 308 1021 1937
331 965 363 1021 et
384 955 464 1020 Eur.
488 956 646 1022 Androm.
668 978 700 1043 p.
727 959 797 1020 167.
818 993 862 1006 -
885 953 938 1020 Of.
959 956 1076 1041 fragm.
1101 958 1131 1020 2.

310 1058 351 1123 V.
376 1059 430 1121 781
462 1060 688 1140 λογίζεται·
718 1050 904 1140 ἁρμόζεται,
926 1052 1127 1141 κάμπτεται,
1151 1057 1338 1140 συστρέφε-

226 1184 288 1225 ται.
334 1161 482 1246 Respicit
508 1159 589 1224 Hes.
608 1158 643 1222 II
666 1163 744 1242 563,
770 1159 827 1223 ubi
861 1157 1000 1224 fortasse
1032 1158 1113 1227 haec
1144 1161 1207 1227 trie
1236 1159 1340 1225 verbe

226 1284 247 1328 a
268 1262 476 1348 Diogenieno
499 1265 620 1328 omissa
641 1269 726 1326 eunt.

311 1363 352 1427 V.
382 1366 443 1428 793
471 1388 503 1452 p.
542 1370 600 1431 167
633 1359 759 1440 ἀλλος·
799 1361 1111 1446 ἐνδατούμενος
1151 1365 1218 1428 νῦν
1250 1360 1339 1446 σφό-

227 1468 292 1547 δρα
313 1468 423 1543 nausis
445 1466 569 1551 λέγων,
594 1467 801 1550 δνσφημοδν,
830 1464 980 1546 σννεχτός
1000 1461 1234 1550 μεμφόμενος,
1257 1464 1339 1530 sua-

226 1564 386 1650 ριάμενος.
422 1561 531 1634 Ἔνιοι
552 1569 589 1633 δέ
612 1591 665 1652 γρ.
695 1561 1016 1650 ἐμματοάμενος
1044 1560 1120 1632 ἀντὶ
1141 1571 1204 1633 τοῦ
1225 1563 1339 1652 μαστό-

225 1692 336 1752 μενος.
398 1668 583 1758 Hesychius
620 1671 637 1735 Ι
674 1670 754 1733 1218
786 1662 1116 1751 ἐνδατούμενος·
1165 1666 1340 1755 μεριζόμε-

227 1794 303 1854 νος,
332 1771 387 1835 καὶ
416 1771 520 1837 οἱονεὶ
548 1775 659 1849 κακῶς
686 1769 795 1852 λέγων
823 1771 992 1852 σφοδριδς.
1037 1763 1103 1834 ἀπὸ
1129 1774 1188 1854 τῆς
1213 1766 1337 1848 δαιτός.

119 1865 120 1869 “
225 1873 279 1936 De
311 1871 343 1937 h.
373 1895 405 1937 v.
442 1873 529 1937 dixit
559 1871 710 1939 Eusteth.
746 1873 886 1954 1214,9
922 1872 1018 1953 1142,
1042 1873 1083 1934 22
1113 1872 1273 1937 Wunder.
1296 1873 1369 1953 ed,

226 1973 325 2059 Soph.
341 1972 382 2037 Ο.
399 1972 438 2037 Τ.
456 1975 529 2038 265.
575 1973 728 2039 Ceterum
746 1961 914 2060 Didymus'
932 1973 966 2036 in
984 1973 1113 2059 integre
1127 1973 1194 2038 lexi
1213 1975 1340 2060 tragica

226 2075 365 2140 fortasse
388 2074 565 2162 adscripsit
583 2076 615 2140 h.
635 2077 657 2139 1.
682 2075 779 2138 etiam
800 2073 881 2138 Eur.
904 2073 1003 2138 Herc.
1035 2074 1099 2139 fur.
1131 2077 1191 2139 218
1215 2071 1338 2158 λόγους

226 2170 460 2259 ὀνειδιστῆρας
482 2171 737 2259 ἐνδατούμενος.
770 2174 823 2240 Of.
847 2174 993 2240 Lobeok.
1017 2175 1153 2241 rhemst.
1171 2199 1202 2263 p.
1224 2178 1296 2240 247.

312 2276 353 2340 V.
373 2278 436 2344 826
454 2301 486 2365 p.
508 2280 567 2342 169
589 2277 738 2341 έλαιιεν
750 2315 793 2325 -
805 2275 1003 2362 ἐφθέγξατο,
1023 2278 1067 2343 of.
1080 2278 1160 2343 Hes.
1176 2278 1192 2342 1
1207 2280 1298 2342 1169.

311 2379 352 2443 V.
377 2381 439 2444 896
462 2401 494 2465 p.
520 2381 579 2441 175
610 2371 814 2461 ἀνέορτος
842 2373 903 2443 ἀδε
937 2377 1065 2463 νύμφα.
1108 2379 1256 2444 Fuerunt
1283 2380 1339 2465 qui

226 2476 247 2545 ἀ
273 2479 409 2562 νέορτος
429 2480 592 2567 legerent,
621 2480 678 2545 alii
705 2481 761 2566 qui
783 2473 950 2562 ἀνέορτος.
996 2481 1144 2546 Priorem
1165 2479 1339 2546 lectionem
1417 2548 1425 2562 ¹

226 2592 335 2647 tuetur
356 2580 552 2647 vocabulum
573 2581 719 2665 νέορτος,
742 2582 829 2668 quod
845 2581 1061 2668 Sophocleum
1083 2582 1164 2647 dicit
1174 2580 1335 2647 Valcken.

228 2685 322 2749 diatr.
345 2707 378 2770 p.
402 2684 459 2746 221
488 2681 532 2767 C,
566 2683 703 2750 alteram
717 2683 904 2770 Hesychius
925 2694 1033 2772 potest
1054 2694 1130 2751 ante
1152 2683 1263 2749 oculos
1283 2684 1338 2750 ha·

226 2784 337 2849 buisee
368 2784 385 2848 Ι
420 2786 501 2849 1393
533 2782 696 2869 έόρτας·
731 2776 955 2867 ἀρεσαοάσας,
991 2781 1109 2868 καλάς,
1137 2785 1210 2851 coll.
1235 2785 1337 2851 schol.

227 2885 249 2951 1.
273 2909 302 2950 c.
327 2880 485 2966 ἀνέορτος
505 2884 543 2950 δὲ
570 2881 646 2950 ἀντὶ
671 2887 733 2950 τοῦ
766 2878 885 2967 αἰσχρὰ
912 2884 967 2950 καὶ
989 2881 1150 2971 ἀτρεκής.
1196 2887 1248 2953 Of.
1273 2888 1338 2953 Lo·

224 2985 321 3052 beck.
339 2986 475 3051 rhemat.
494 3009 528 3073 p.
552 2989 611 3052 126
634 3010 666 3052 n.
692 2989 742 3068 23,
765 2987 820 3072 qui
842 2981 959 3069 ἑορτάς
980 2989 1145 3071 accinit’).

297 3211 322 3276 1)
347 3210 446 3262 Trach.
473 3209 522 3262 193
543 3212 621 3261 veris
643 3213 724 3265 lectio
749 3220 791 3265 est
816 3207 952 3282 εὖμαρείρι
975 3219 1002 3264 et
1025 3204 1162 3284 εάχερείμ.
1198 3217 1337 3267 Fortassis

224 3297 278 3348 huc
296 3297 409 3363 respicit
426 3298 492 3348 Hes.
504 3288 700 3363 εὐμάρεια·
719 3290 856 3365 εὐχέρεια.
875 3327 910 3336 -
932 3300 966 3351 V.
986 3301 1038 3352 568
1056 3293 1182 3366 φάσμα
1205 3303 1290 3355 schol.
1309 3311 1337 3355 et

224 3387 291 3437 Hes.
311 3383 449 3451 explicent
466 3375 627 3451 peinceps«.
648 3414 680 3423 —
699 3387 791 3439 schol.
815 3404 841 3440 v.
864 3386 916 3438 599
934 3386 1051 3452 quadret
1077 3404 1137 3440 cum
1156 3377 1249 3455 Steph.
1268 3393 1336 3456 Βγτ.

224 3473 284 3536 485,
307 3472 347 3536 17,
369 3472 415 3538 qui
431 3471 541 3536 saepius
559 3472 731 3539 Diogeniano
749 3490 814 3525 usus
834 3479 884 3537 est,
903 3473 975 3525 unde
987 3490 1035 3539 pro
1047 3468 1192 3535 Αἰτωλίας,
1211 3475 1284 3541 quod
1295 3482 1338 3527 est

225 3559 252 3608 in
275 3556 374 3622 schol„
399 3559 517 3609 fortasse
542 3551 694 3618 Οέταίας
718 3561 911 3626 reponendum.
935 3586 971 3599 -
1001 3562 1034 3612 V.
1059 3563 1111 3614 519
1132 3554 1335 3627 άνάμιγδα·

223 3634 464 3709 ἀναμεμιγμένας.
501 3645 568 3698 Hes.
588 3635 738 3711 ἀναμίξ·
765 3641 1006 3713 ἀναμεμιγμένας.
1043 3648 1125 3712 Vide,
1150 3666 1184 3699 ne
1202 3649 1337 3715 corrigen-

224 3731 287 3781 dum
310 3731 348 3781 sit
370 3725 385 3791 ξ
404 3730 432 3780 in
455 3728 518 3794 γδα.
539 3758 573 3769 -
601 3733 634 3784 V.
655 3734 707 3784 572
727 3725 925 3800 ἀμφίδρενττος
943 3748 997 3783 non
1018 3733 1101 3783 habet
1118 3734 1337 3801 lexicographus‚

225 3818 273 3869 sed
301 3823 440 3883 comperet
457 3811 612 3882 θρέψαι·
642 3817 746 3885 πῆξαι,
774 3822 846 3888 quod
870 3820 955 3872 schol.
979 3821 1029 3871 Le.
1057 3820 1142 3872 addit.
1171 3849 1204 3858 -
1232 3823 1338 3874 wem
1467 3869 1470 3877 .

222 3894 431 3968 άντίλνρον·
455 3894 623 3970 ἀντίμιμον,
645 3897 786 3974 άντφδόν.
822 3907 943 3972 Hesych.
968 3897 1154 3971 ἀντίλυτρον·
1172 3896 1336 3969 ἀντίδοτον,

223 4007 277 4058 quo
302 3991 436 4042 vocabulo
459 3991 548 4044 lexico
574 3999 678 4044 serent.
715 3994 786 4044 Num
809 3982 978 4059 άντίλνρον·
1002 3984 1153 4062 ἀντμδόν1
1177 4022 1211 4032 -
1229 3996 1263 4046 V.
1286 3995 1337 4047 662

222 4080 289 4130 Hes.
309 4069 475 4142 τανάμερος
496 4077 604 4130 videtur
622 4084 746 4130 nostrum
764 4078 853 4130 locum
872 4081 993 4132 innuere.
1012 4110 1048 4120 —
1065 4082 1099 4134 V.
1118 4079 1172 4134 680
1192 4071 1302 4132 σττιλά
1308 4095 1336 4139 ς·

222 4156 310 4228 πέτρα
335 4169 452 4229 uterque
478 4164 571 4216 hebet.
608 4166 686 4217 Haec
709 4182 772 4216 vero
794 4165 904 4217 aliunde
929 4168 1054 4218 novimus
1078 4168 1190 4234 Didymi
1211 4184 1280 4220 esse.
1305 4196 1338 4206 -

221 4251 255 4303 V.
274 4252 325 4303 697
343 4244 522 4314 κάταγμα·
542 4242 574 4301 w*
593 4248 704 4316 αἱγειον
726 4244 857 4317 μήρνμα,
882 4252 917 4303 ci.
937 4254 1004 4305 Hes.
1024 4249 1197 4318 κατάγματα.

292 4337 319 4403 2)
339 4338 372 4388 V.
392 4338 445 4390 969
468 4334 561 4387 κτίται
579 4353 643 4389 num
662 4339 825 4403 respicietur
843 4354 887 4405 ep.
910 4340 992 4403 Hes„
1017 4340 1111 4405 quaeri
1130 4344 1231 4405 potest.
1248 4366 1281 4376 -
1300 4341 1335 4393 V.
