2962 5018
234 378 296 439 282

233 544 356 610 Phoen.
381 548 442 609 283
470 545 536 610 vol.
560 544 592 608 V
611 567 644 630 p.
674 547 713 607 79
740 543 786 606 M.
806 581 850 591 —
869 543 998 608 Acerbe
1024 546 1229 631 vituperatur
1249 555 1349 632 poeta

231 648 308 711 Tro.
328 651 363 711 14
386 651 523 731 ψυχροῖς
543 640 782 729 ήτυμολόγησε.
808 649 848 709 36
862 649 999 727 ψυχροῖς
1018 650 1063 733 τῳ
1083 643 1218 735 θεάτρῳ
1236 665 1341 728 προσ-

231 748 418 830 διαλέγεται
443 749 521 836 (856
539 748 644 813 Andr.
668 747 745 834 613)
773 749 863 811 1642.
886 751 965 811 1119
986 749 1086 812 Rhes.
1113 754 1172 813 165
1197 755 1342 831 γελοῖον.

231 851 308 914 Tro.
330 854 392 916 986
418 846 589 915 άνοικεῑον
616 852 717 914 τοῦτο
744 852 807 914 τοῦ
834 843 1070 933 ὑποκειμένου.
1107 854 1187 915 1923
1215 846 1346 935 εὐήθης,

232 945 401 1036 ήἙκάβη.
431 956 494 1017 636
520 947 562 1017 οὐ
585 946 772 1034 στοχάζεται
799 955 868 1016 των
892 946 1126 1037 ὑποκειμένων
1153 950 1345 1036 προσώπων

232 1051 297 1119 κτὲ.
341 1054 456 1141 Neque
484 1055 518 1118 in
544 1055 695 1119 Medeam
720 1055 777 1140 qui
804 1061 1040 1118 commentatus
1065 1062 1115 1117 est
1143 1064 1258 1141 poetae
1288 1079 1344 1141 pe·

232 1157 345 1241 percit.
379 1157 441 1220 328
468 1155 656 1238 μέμφονται
680 1157 726 1240 τῳ
754 1149 932 1239 Εὐριπίδη.
954 1158 1030 1218 ’446
1059 1152 1343 1239 ἐπιλαμβάνονται

233 1251 432 1339 Εὐριπίδου.
458 1259 519 1320 535
541 1252 823 1340 ἐπιλαμβάνονται
840 1257 901 1320 τοῦ
918 1253 1169 1338 ἐπιχειρήματος
1191 1257 1342 1342 (cf.T1·o.

236 1360 343 1445 1003).
367 1362 425 1421 911
451 1353 579 1440 οὐγὰρ
603 1359 728 1422 οἰκεῖον
749 1360 795 1443 τῷ
817 1352 986 1443 προσώπῳ
1008 1357 1066 1444 (cs.
1089 1359 1163 1423 Alc.
1184 1361 1256 1422 329.
1280 1362 1343 1423 363

233 1459 310 1523 Tre.
334 1460 422 1547 636).
446 1454 486 1524 57
511 1463 619 1544 σχήμα
637 1462 878 1541 σολοικοφανὲς
901 1459 1038 1545 (Phoen.
1052 1461 1140 1545 283).
1163 1463 1203 1524 87
1225 1476 1344 1541 περισ-

232 1554 327 1653 σόςὶό
344 1565 462 1643 στίχος.
486 1564 547 1625 889
568 1556 631 1625 οὐκ
650 1554 835 1642 ἀναγκαῖον
850 1549 893 1642 ήν
907 1566 1012 1624 ταῦτα
1028 1562 1146 1643 λέγειν.
1172 1566 1212 1625 97
1232 1556 1342 1643 άσύμ-

233 1685 332 1745 φωνα
362 1656 458 1726 ταῦτ’
495 1662 563 1727 ἐστι
597 1673 666 1739 τοῖς
696 1656 763 1726 ὑπὸ
794 1665 852 1744 τής
890 1658 1114 1745 πρεσβύτιδος
1146 1663 1342 1746 εἰρημένοις.

232 1769 294 1829 660
317 1758 519 1847 εὐεπίφορος
538 1767 585 1840 είς
606 1759 643 1828 τό
666 1764 777 1846 λέγειν
796 1758 914 1844 σοφός.
957 1763 1023 1826 Vin
1043 1764 1192 1849 exempla
1207 1785 1225 1826 e
1241 1763 1342 1828 schol.

232 1866 274 1930 ad
312 1866 513 1930 Alcestidem
547 1867 665 1950 potita,
706 1865 949 1929 animadvertas
988 1864 1047 1929 hos
1079 1864 1168 1929 locos
1202 1867 1262 1927 225
1296 1865 1344 1928 M.

234 1967 407 2052 (Androm.
433 1968 512 2029 1217
535 1965 595 2028 VR
613 1966 694 2030 Hec.
712 1968 774 2028 249
796 1964 870 2029 οοΙΙ.
890 1965 1025 2052 Didym.
1044 1966 1149 2029 Andr.
1166 1967 1243 2051 867)
1267 1965 1342 2030 Alc.

233 2071 294 2130 238
318 2061 382 2129 οὐκ
405 2059 454 2129 εὐ.
499 2063 582 2129 κατὰ
607 2063 671 2149 γάρ
698 2063 761 2148 τήν
784 2061 954 2131 ὑπόθεσιν
976 2060 1022 2144 άς
1041 2067 1109 2131 ἐστι
1131 2062 1344 2150 πραττόμενα

233 2170 287 2233 δεῖ
305 2172 408 2231 ταῦτα
428 2173 651 2251 θεωρεῖσθαι,
679 2190 763 2254 quae
784 2169 812 2230 si
833 2167 1063 2253 Aristophanis
1085 2168 1238 2255 Byzantii
1256 2178 1343 2252 sunt,

231 2279 268 2334 ut
295 2269 524 2333 Lachmannus
550 2269 785 2352 arbitrabatur,
820 2271 890 2332 eius
919 2268 1022 2333 verba
1046 2269 1133 2334 haud
1162 2269 1261 2334 dubie
1284 2291 1345 2333 sua

232 2371 312 2436 fecit
332 2372 501 2457 Euripidis
522 2372 701 2436 cavillator.
735 2372 807 2436 Ale.
832 2376 893 2435 797
917 2365 981 2435 οὐκ
1003 2366 1150 2452 εὐλόγως
1172 2371 1276 2457 (vulg.
1300 2366 1344 2434 οὐ

233 2470 336 2561 λόγῳ)
360 2469 420 2537 τόν
441 2466 534 2554 ἥρωα
556 2469 710 2555 εἰσήγαγε
732 2475 999 2556 φιλοσοφοῦντα,
1022 2467 1064 2537 όν
1084 2474 1151 2536 ἔδει
1166 2470 1221 2535 καί
1236 2467 1344 2535 άλλου

232 2576 505 2658 φιλοσοφοῦντος
534 2575 728 2651 διαπαιξειν.
774 2575 812 2637 ln
842 2573 1006 2638 cumulum
1027 2573 1161 2637 accedat
1183 2572 1342 2637 Androm.

237 2681 315 2739 1054
348 2671 475 2740 οὐδέν
506 2670 582 2758 εἰμ’
618 2670 864 2759 ἀπωλόμην·
901 2675 1073 2757 ἐγκαλεῖ
1101 2675 1253 2757 Δίδυμος
1287 2678 1344 2739 καλ

233 2772 457 2860 εὐεπίληπτόν
484 2792 567 2858 φησι
590 2772 649 2840 τόν
672 2771 776 2840 αὐτόν
799 2775 835 2839 ἐν
856 2771 959 2841 πάθει
981 2771 1064 2840 ὄντα
1086 2776 1197 2857 λέγειν
1219 2769 1344 2839 εοὐδέν

234 2881 317 2960 εἰμι,
342 2875 477 2959 φρούδη
498 2873 560 2958 μὲν
580 2871 696 2958 αὐδή’.
732 2872 821 2958 παρὰ
839 2880 886 2962 τῳ
902 2872 1034 2963 Ὁμήρῳ
1058 2880 1103 2963 (Ρ
1120 2879 1181 2940 695
1204 2879 1225 2941 δ
1247 2877 1342 2956 7114)·

234 2971 317 3058 *δήν
337 2977 377 3040 δέ
389 2999 448 3058 μιν
465 2971 615 3060 ἀμφασίη
634 2976 740 3040 ἐπέων
756 2976 867 3060 λάβε’.
889 2981 909 3057 ξ
932 2970 1007 3041 ἀλλ’
1030 2976 1100 3040 ἐκεῖ
1119 2971 1183 3040 οὐκ
1206 2970 1342 3053 αὐτόςὸ

234 3074 369 3159 πάσχων
397 3080 515 3159 φησίν,
544 3072 617 3141 ἀλλ’
646 3077 758 3160 ἕτερος
788 3077 863 3158 περὶ
891 3071 1007 3140 αὐτοῦ.
1053 3076 1135 3140 Cum
1164 3077 1215 3141 his
1241 3079 1344 3162 igitur

233 3178 314 3242 locis
342 3179 370 3240 si
397 3176 602 3240 contenderis
632 3179 812 3266 Didymum
844 3179 887 3242 ad
916 3178 996 3242 Eur.
1030 3176 1134 3241 Andr.
1164 3181 1236 3242 329.
1268 3183 1342 3244 363.
1411 3173 1413 3175 ’

234 3279 295 3342 867
319 3276 454 3341 dubium
477 3299 549 3341 esse
570 3279 630 3341 vix
649 3281 769 3364 poterit
793 3280 872 3365 quin
893 3279 934 3343 ab
958 3279 1020 3343 hoc
1035 3282 1106 3364 ipso
1121 3281 1344 3363 grammatico,

234 3377 393 3465 quidquid
415 3377 540 3441 scholia
561 3378 603 3442 ad
622 3380 860 3443 imminuendae
877 3380 1044 3466 Euripidis
1065 3379 1178 3443 laudes
1194 3380 1343 3462 afferunt,

233 3480 415 3565 profect-um
433 3479 491 3560 sit,
516 3482 708 3564 praesertim
732 3501 806 3543 cum
830 3480 1000 3565 Sophoclis
1024 3482 1121 3544 otiam
1150 3490 1246 3566 atque
1269 3481 1344 3544 Ari-

234 3580 402 3666 stophanis
433 3579 517 3643 Ach.
551 3585 613 3644 450
646 3583 840 3666 interpretes
871 3583 1089 3667 antiquissimi
1125 3581 1302 3666 (Didymus
1310 3583 1343 3666 3)

233 3678 357 3742 nullam
375 3678 444 3741 fere
459 3681 663 3744 occasionem
674 3679 866 3764 Euripidem
882 3680 1058 3744 vellicandi
1073 3682 1343 3766 praetermittant.

234 3778 288 3842 Ab
319 3778 414 3841 huius
443 3779 543 3861 igitur
573 3779 838 3845 cavillationibus
866 3783 922 3868 qui
943 3792 1109 3868 tamquam
1127 3782 1162 3844 in
1179 3781 1344 3866 praesidio

233 3887 348 3965 poetae
368 3877 545 3944 collocatus
567 3890 670 3945 artem
690 3881 858 3967 Euripidis
878 3883 1033 3963 defendit,
1056 3883 1084 3945 is
1099 3883 1236 3967 Didymi
1258 3903 1344 3945 com-

233 3979 410 4042 mentarios
433 3981 600 4043 etiamtum
620 3982 781 4066 inspicere
801 3983 906 4069 potuit
929 3981 1044 4066 (schol.
1058 3983 1162 4046 Andr.
1177 3982 1285 4064 1054),
1309 3982 1345 4046 id

234 4077 321 4164 quod
350 4086 455 4159 vetat,
487 4101 529 4143 ne
556 4081 590 4142 in
618 4078 759 4145 labentis
781 4081 949 4145 doetrinae
970 4092 1118 4168 tempora
1140 4082 1344 4146 detrudatur.

114 4256 117 4261 Ι
235 4179 314 4241 Post
326 4178 464 4262 Didymi
475 4200 569 4242 curas
581 4180 730 4267 Euripidi
745 4202 876 4267 operam
891 4181 1022 4244 dedisse
1033 4182 1152 4244 scimus
1162 4181 1322 4245 Alexan
1334 4219 1345 4229 -

234 4278 346 4342 drum
362 4279 539 4366 quendam,
561 4279 698 4345 Lehrsio
714 4281 836 4346 arbitro
855 4282 889 4344 in
906 4290 1044 4366 quaestt.
1063 4282 1145 4368 epic.
1156 4303 1188 4367 p.
1204 4283 1241 4343 13
1266 4279 1342 4346 Co-
