2964 5010
498 1333 861 1409 PRAEFATIO.

638 1529 767 1539 ——-—-

215 1636 368 1716 Thomas
403 1651 551 1716 Reinesii
591 1654 620 1717 si
654 1660 795 1717 aetatem
826 1649 979 1715 tulissent
1017 1652 1242 1738 supplementa

130 1777 284 1856 quattuor
317 1767 475 1835 librorum
506 1768 733 1837 historicorum
763 1771 964 1835 Graecorum
990 1768 1032 1833 (l.
1061 1769 1090 1833 I.
1119 1769 1241 1852 Vossii,

130 1888 165 1951 in
184 1887 303 1974 quibus
325 1891 555 1972 grammaticos
578 1891 675 1954 etiam
694 1891 730 1953 in
749 1889 897 1954 ordinem
912 1909 932 1952 a
949 1909 984 1953 se
1002 1897 1150 1974 receptos
1169 1910 1241 1953 esse

129 2007 200 2092 ipse
225 2006 341 2071 scribit
361 2026 393 2071 a.
421 2010 501 2073 1610
528 2009 563 2073 in
586 2007 726 2096 epistula
747 2008 791 2073 ad
812 2007 995 2094 Gasparem
1015 2006 1240 2071 Hofmannum

128 2145 161 2209 p.
184 2126 244 2207 33,
272 2123 410 2207 dudum,
435 2127 566 2212 opinor,
594 2128 759 2193 extitisset
785 2125 869 2190 alter
890 2124 1029 2190 Carolus
1050 2125 1239 2208 Muellerus,

130 2244 202 2328 qui,
229 2251 267 2306 ut
287 2242 456 2307 Francisci
481 2244 580 2309 'litzii
609 2247 644 2310 in
667 2245 807 2311 diatribe
835 2245 876 2310 (le
897 2243 1120 2331 Moschopulis
1142 2268 1174 2332 p.
1201 2248 1239 2306 15

130 2360 233 2425 verba
263 2382 336 2426 mee
360 2360 496 2446 faciam,
526 2365 693 2449 negotium
719 2373 904 2431 nostrorum
928 2363 1111 2449 temporum
1143 2363 1241 2446 genio

131 2479 266 2563 dignum
287 2478 330 2543 ad
347 2478 445 2545 finem
461 2482 664 2567 perduceret,
686 2491 723 2547 ut
736 2483 938 2549 Graecorum
956 2481 1242 2563 grammaticorum

129 2599 344 2663 vetustiorum
371 2607 469 2686 atque
496 2600 710 2665 classicorum
737 2621 838 2686 opera
866 2619 932 2662 uno
958 2597 1082 2661 maiore
1108 2618 1242 2683 corpore

132 2715 269 2780 collecta
299 2715 467 2803 probeque
496 2717 646 2781 ordinata
677 2717 839 2781 emitteret
867 2718 902 2781 in
927 2714 1033 2780 lucem
1065 2715 1240 2802 publicam,

130 2833 167 2898 id
187 2834 273 2920 quod
289 2855 332 2899 ex
344 2842 443 2921 parte-
452 2833 600 2900 molitum
615 2855 689 2899 esse
705 2833 917 2899 Fredericum
931 2833 1111 2920 Georgium
1126 2835 1242 2923 Thryl-

131 2951 237 3016 litium
264 2962 464 3040 compertum
493 2952 650 3018 habemus
679 2975 698 3018 e
725 2951 862 3019 miscell.
887 2951 978 3040 Lips.
1006 2951 1041 3016 ΙΙ
1064 2977 1095 3040 p.
1117 2958 1179 3018 550
1209 2965 1241 3019 et

132 3071 170 3134 O.
194 3071 236 3134 A.
259 3070 383 3136 Klotzii
400 3072 505 3159 praei.
528 3073 571 3138 sd
593 3073 735 3137 Straton.
759 3074 862 3160 epigr.
877 3094 909 3158 p.
930 3075 979 3136 16.
1024 3071 1133 3158 Atque
1155 3081 1242 3138 esset

131 3187 295 3274 profecto,
326 3188 414 3275 quod
440 3190 600 3256 eiusmodi
627 3213 744 3277 corpus
766 3191 830 3256 sibi
852 3189 1087 3275 gratularetur,
1116 3191 1240 3277 siquis

130 3315 188 3371 aut
207 3306 377 3372 Frederici
394 3308 520 3372 Osanni
542 3309 688 3374 aemulus
719 3309 864 3397 (vidsO.
888 3309 1035 3374 Suetonii
1058 3307 1242 3395 Tranquilli

132 3425 173 3490 de
195 3446 332 3510 gramm.
355 3433 388 3489 et
405 3424 501 3491 rhett.
523 3426 580 3492 lib.
605 3427 656 3493 cd.
676 3428 732 3493 Fr.
755 3427 908 3493 Osannus
929 3450 963 3514 p.
984 3427 1021 3513 v)
1055 3427 1241 3512 grammati-

131 3565 254 3628 corum,
275 3544 332 3632 qui
354 3543 577 3610 Alexandriae
592 3547 715 3613 Romae
730 3547 883 3634 Byzantii
898 3547 1088 3627 docuerunt,
1111 3546 1241 3608 concin-

131 3684 211 3727 nare
237 3661 497 3748 chronologiam,
526 3685 547 3727 a
571 3665 750 3731 Laurentio
771 3662 928 3729 Lerschio
953 3664 986 3725 in
1013 3660 1134 3725 annall.
1157 3661 1243 3724 Mar·

130 3782 227 3867 burg.
252 3784 333 3847 1840
359 3805 392 3869 p.
416 3785 474 3845 118
502 3802 561 3847 suo
584 3784 654 3847 iure
677 3782 911 3862 desideratam,
934 3787 1005 3861 aut,
1028 3777 1115 3863 quod
1136 3778 1241 3843 Lobe-

131 3900 244 3964 ckium
260 3902 296 3965 in
317 3902 467 3987 parergis
486 3899 529 3965 ad
543 3897 767 3986 Phrynichum
785 3921 817 3985 p.
837 3900 895 3962 181
920 3895 1074 3962 inchoare
1098 3900 1241 3984 memini,

132 4019 325 4084 eruditionis
346 4021 578 4103 grammaticae
598 4018 773 4101 rationem,
794 4017 902 4106 qualis
925 4016 1065 4102 singulis
1086 4017 1240 4105 deinceps

130 4136 332 4224 temporibus
359 4138 445 4202 inter
475 4138 620 4205 Graecos
649 4136 805 4221 obtinuit,
846 4160 864 4202 e
897 4137 1046 4225 reliquiis
1072 4138 1242 4224 percipere

131 4253 242 4320 vellet.
