2962 5018
1199 407 1256 469 321

147 571 379 654 Βαβυλωνίοις
407 563 679 651 Ἀριστοφάνους.
726 568 778 633 Of.
808 568 903 634 Phot.
925 573 1007 653 545,
1035 573 1049 632 1
1080 570 1200 637 Pollux
1226 573 1262 637 X

150 675 209 754 1¹73
230 693 263 756 p.
288 674 350 736 446
372 669 483 734 Bekk.

231 771 390 859 Harpoer.
415 774 486 854 176,
510 775 548 836 19
569 768 672 848 τούς
694 769 871 854 ἑτέρους
887 771 1133 860 τραγῳδοὺς
1151 768 1261 857 olyn-

145 882 324 939 νιελται·
358 875 558 955 Λυκοῦργος
585 873 623 938 έν
655 877 702 961 τῷ
729 866 813 956 πρὸς
841 868 1018 957 Δημάδην.
1070 871 1261 960 Δίδυμός

146 991 262 1059 φησιν,
281 968 335 1040 ὅτι
357 975 517 1058 παροιμία
539 972 630 1039 έστὶν
651 972 704 1039 έπὶ
726 977 796 1038 τάν
814 965 1052 1059 ἁρμοζομένων
1066 975 1121 1041 καὶ
1135 995 1260 1062 σεμνο-

144 1072 338 1143 ποιοάντων
359 1070 502 1153 ἑαυτούς
524 1069 608 1158 πρὸς
629 1068 670 1139 τά
693 1073 837 1140 ἐναντία.
868 1074 922 1139 Of.
942 1074 1035 1139 Phot.
1049 1079 1120 1160 597,
1135 1080 1154 1142 3
1167 1077 1259 1143 Suid.

675 1212 724 1273 18.

228 1313 382 1379 Ammon.
404 1312 445 1376 de
468 1312 536 1376 diff.
560 1333 653 1376 voce.
676 1334 708 1397 p.
724 1312 764 1373 98
788 1310 839 1375 ed.
862 1310 981 1375 Valek.
1004 1312 1196 1396 Δίδυμος
1216 1310 1260 1376 έν

143 1410 305 1501 δεκάτῳ
348 1415 593 1498 ῥητορικῶν
628 1404 943 1495 ὑπομνημάτων
986 1413 1092 1497 φησὶν
1128 1410 1258 1492 οὕτως·

142 1511 194 1580 ὅτι
225 1516 448 1598 διαφέρουσιν
481 1515 519 1580 αί
549 1518 628 1599 νῆες
659 1515 729 1577 τῶν
756 1515 901 1577 πλοίων.
934 1509 975 1579 τά
1007 1513 1070 1598 μέν
1097 1511 1162 1599 γάρ
1189 1517 1259 1581 έστι

145 1612 356 1701 στρογγύλα,
389 1615 426 1680 αί
457 1614 495 1681 δὲ
530 1613 697 1698 κωπήρεις
731 1612 786 1678 καί
818 1611 1061 1698 στρατιώτιδες.
1108 1611 1259 1699 Ἀριστο-

143 1719 239 1801 τέλης
259 1714 295 1782 δέ
317 1718 447 1799 ίστορεί
466 1716 503 1782 έν
518 1711 732 1801 Δικαιάμασι
754 1719 824 1780 τῶν
845 1715 1002 1802 πολέμων
1021 1712 1147 1794 οὕτως·
1167 1711 1259 1783 Ἀλέ-

144 1819 286 1902 ξαυδρος
307 1811 325 1882 ὁ
348 1811 525 1894 Μολοττὸς
546 1810 615 1882 ὑπὸ
639 1811 765 1882 ταύτὸν
786 1814 929 1903 χρόνον,
955 1822 1173 1904 Ταραντίνων
1193 1814 1258 1885 αδ-

142 1915 203 1985 τὸυ
222 1918 533 2004 μεταπεμψαμένων
550 1916 604 1982 έπί
621 1917 682 1985 τὸν
699 1915 784 2004 πρὸς
800 1914 881 1998 τούς
891 1920 1085 2006 βαρβάρους
1096 1919 1256 2006 πόλεμον,

140 2020 317 2098 ἐξέπλευσε
332 2019 433 2084 ναυσὶ
447 2017 510 2103 μὲν
528 2022 777 2104 πεντεκαίδεκα,
799 2023 929 2099 πλοίοις
946 2021 984 2087 δέ
1000 2033 1136 2105 συχνοῖς
1152 2023 1257 2088 ίππα-

139 2132 262 2205 γωγοίς
283 2120 338 2187 καί
358 2132 599 2206 στρατηγικοῖς.

226 2224 374 2289 Eandem
397 2247 465 2288 rem
484 2226 592 2310 tangit
609 2224 760 2289 Eustoth.
780 2224 819 2288 Il.
844 2247 877 2311 p.
902 2228 974 2308 684,
996 2228 1046 2308 29,
1074 2224 1131 2289 ubi
1154 2227 1255 2312 vulgo

139 2326 225 2391 male
253 2310 424 2409 legebatur
458 2326 646 2409 Δίδυμος
675 2325 713 2391 έν
742 2325 901 2413 ίστοριιιῷ
934 2330 1032 2412 (corr.
1059 2325 1187 2392 Duker.
1213 2329 1255 2392 od

141 2427 244 2492 Thue.
268 2426 316 2490 lv
337 2450 366 2491 ο.
383 2428 467 2512 116),
490 2426 576 2512 quod
602 2427 729 2491 scribae
753 2427 879 2491 numeri
902 2425 1028 2489 denarii
1049 2425 1167 2511 eiglum
1189 2449 1255 2491 non

141 2527 380 2611 intellegerent,
402 2537 435 2591 et
455 2529 542 2608 φασί
557 2549 615 2614 pro
632 2529 725 2611 φησί.
750 2527 805 2590 Ex
820 2524 933 2589 eodem
948 2550 980 2613 p.
1000 2530 1088 2610 1498,
1103 2532 1143 2592 59
1165 2538 1255 2615 patet

139 2626 441 2692 Aristotelioloeum
453 2627 598 2715 Didymo
608 2628 720 2693 deberi
733 2622 953 2713 (παραγαγών
967 2629 1087 2710 χρῆσιν
1099 2627 1252 2717 ταύτην).

229 2726 320 2793 Suid.
343 2728 360 2792 I
382 2732 396 2791 1
420 2752 452 2816 p.
465 2731 526 2795 383
548 2729 657 2815 Bhdy.
677 2722 850 2811 άνδηρα·
873 2726 974 2811 μέρος
993 2752 1024 2793 τι
1046 2731 1109 2794 τοῦ
1129 2726 1253 2816 κήπου,

140 2824 253 2914 ὥσπερ
275 2824 295 2913 ἡ
319 2826 445 2914 πρασιά
466 2830 521 2896 καὶ
543 2824 562 2895 ὁ
584 2824 707 2913 ὀχετός.
740 2823 930 2913 Δίδυμός
953 2847 1054 2913 φησι·
1083 2823 1192 2908 ’ὅπως
1213 2827 1251 2897 τὸ

138 2924 319 3016 άνοίμαλον
346 2935 408 2998 τοῦ
435 2935 561 3016 χωρίου
589 2935 629 3017 τῇ
654 2934 722 2995 τῶν
744 2925 902 3024 άνδηρῶυ
923 2930 979 2996 καί
1000 2925 1128 3013 ὀχετῶν
1147 2925 1252 3013 άφαι-

138 3044 230 3117 ροῑτο
250 3037 467 3120 κατασκευῇ’.
487 3034 532 3120 gl.
558 3036 587 3097 2.

224 3135 332 3200 Locus
359 3136 473 3200 incerti
498 3135 677 3221 scriptorio.
722 3134 805 3199 Sunt
829 3134 886 3220 qui
906 3141 1036 3220 putent,
1066 3134 1190 3200 Meiere
1210 3137 1251 3202 de

138 3237 299 3325 Harpoer.
318 3260 350 3323 p.
375 3241 415 3302 69
438 3236 600 3319 obsecuti,
619 3237 703 3301 hanc
725 3236 868 3322 glossam
886 3235 929 3300 ad
948 3234 1152 3323 Hyperidem
1174 3260 1249 3302 oon-

136 3349 189 3403 tre
210 3340 376 3405 Cononem
400 3340 580 3427 pertinere,
614 3340 669 3426 qui
698 3339 760 3405 hoe
790 3335 950 3402 vocabulo
980 3359 1060 3401 nous
1088 3347 1138 3402 eet
1167 3348 1250 3403 teste

137 3441 295 3529 Herpoer.
317 3465 349 3529 p.
372 3445 447 3524 19,1
472 3439 581 3505 Bekk.
626 3439 750 3505 Vereor
771 3448 808 3506 ut
829 3448 928 3503 reete.
947 3476 990 3486 -
1011 3436 1155 3524 Hesyeh.
1175 3433 1249 3502 άν-

136 3544 332 3626 δηράδες·
354 3546 510 3626 πρασιαί,
531 3534 640 3625 ὀχετοὶ
662 3537 852 3624 ταφράδεις
874 3537 997 3627 (Bekk.
1018 3537 1155 3602 oneodd.
1179 3538 1247 3626 lp.

137 3646 208 3725 394,
226 3649 264 3707 16
286 3637 507 3725 άνδειράδες).
528 3641 678 3705 Eustath.
704 3642 795 3722 1229,
812 3641 853 3702 48
879 3638 967 3704 Plut.
987 3636 1029 3718 Q.
1052 3638 1085 3701 8.
1108 3638 1161 3701 III
1182 3640 1248 3703 23

135 3743 281 3807 Maerob.
305 3741 372 3807 Set.
396 3742 463 3806 VII
486 3746 505 3804 6
530 3741 692 3827 Theophr.
714 3741 752 3805 O.
766 3740 803 3804 P.
826 3739 880 3803 III
898 3742 938 3802 29
960 3737 1099 3803 Nioond.
1115 3739 1161 3802 th.
1174 3743 1247 3804 576.

488 4016 584 4091 Βίος
608 3896 889 4078 Θοὲἷέυδίδου.

679 4118 692 4177 1

221 4216 401 4283 Marcellin.
418 4218 485 4297 §.2
508 4214 721 4297 Θουκυδίδης
742 4215 861 4279 τοίνυν
882 4206 900 4277 ὁ
923 4203 1248 4295 συγγραφεάςὈλό-

123 4340 200 4399 4ρον
220 4314 282 4401 μέν
303 4321 456 4401 προῆλθε
478 4311 604 4398 πατρὸς
621 4311 683 4399 τὴν
704 4316 901 4399 ἐπωνυμίαν
916 4315 1051 4474 ἔχοντ2ι>1ς
1070 4306 1135 4377 άπό
1154 4305 1249 4377 ’026-

187 4442 345 4484 promus.
