2948 5024
596 409 798 466 -A-
1198 412 1257 473 117

137 568 247 647 οὕτως
267 570 306 635 αί
317 562 534 652 Ἀριστάρχου
550 567 606 633 καί
623 562 934 652 ηἈριστοφάνους.
957 574 1012 637 καί
1034 574 1125 639 ἐστιν
1147 575 1255 658 ἐμφα-

139 668 236 736 τιιιόν
257 664 294 736 τό
318 663 416 734 οὔτε
439 667 490 747 δίς
513 665 707 754 λεγόμενον.
727 672 770 736 A.
794 671 847 738 cf.
861 678 933 756 533,
957 678 1012 761 qui
1030 674 1121 739 locus
1138 677 1256 742 merito

140 772 270 861 impulit
290 770 476 837 Nauckium
498 794 530 857 p.
547 777 599 854 44,
616 782 654 838 ut
674 772 737 838 hoc
758 794 888 860 quoque
909 773 982 839 loco
1002 775 1257 863 Aristophanem

140 885 173 941 et
193 873 422 940 Aristarchum
443 866 625 938 οὔτε-οὔτε
647 875 821 963 scripsisse
842 874 1068 942 arbitraretur.

232 997 302 1057 117.
322 987 432 1069 οὕτως
452 994 537 1057 σοῖν
561 993 599 1058 cl
612 987 840 1079 Ἀριστάρχου,
863 987 906 1058 οὐ
923 993 1132 1080 διῃρημένοις
1147 993 1259 1079 σόον,

140 1091 224 1172 άλλά
249 1098 341 1161 σοῖν.
387 1090 528 1181 συνάόει
556 1095 611 1159 καὶ
635 1091 672 1160 τό
694 1098 780 1160 ενῦν
802 1119 859 1180 μοι
882 1098 950 1173 σοῖς
971 1093 1072 1175 αι’τιύς
1094 1092 1257 1179 όλεθρος’

58 1262 61 1271 ,
142 1197 220 1283 (Od.
244 1221 260 1263 ε
282 1196 379 1284 305)·
407 1189 484 1264 ἐσθ’
512 1191 603 1262 ὅπου
632 1194 669 1262 δέ
693 1197 748 1262 καί
770 1197 896 1281 διαιρεῖ
919 1194 1024 1262 *σόον
1043 1194 1076 1263 δ’
1093 1193 1257 1266 ἀνένευσε

141 1299 196 1386 (ΙΙ.
219 1303 253 1364 Π
273 1299 361 1382 252).
384 1299 427 1365 A.
473 1298 525 1365 Cf.
554 1297 656 1364 schol.
680 1298 806 1364 Harlei.
830 1299 952 1388 Odyss.
976 1323 995 1384 χ
1018 1303 1090 1366 268.

227 1403 297 1465 120.
321 1394 358 1466 τό
383 1398 580 1467 λεύσσετε
595 1393 806 1486 Ἀρίσταρχος
827 1397 952 1486 γράφει
969 1397 1026 1467 διά
1045 1402 1110 1469 δύο
1134 1423 1164 1468 o.
1191 1401 1257 1488 ἐγιά

141 1501 178 1571 δέ
202 1504 368 1570 ἐνεστῶτα
390 1497 456 1569 dod
476 1505 538 1567 τοῦ
559 1502 755 1587 μέλλοντος,
776 1496 822 1580 ὥς
842 1496 947 1588 ἄξετε,
969 1509 1088 1591 οίσετε,
1112 1504 1260 1591 καταβη-

140 1622 199 1672 σεο
224 1607 360 1692 δίφρου.
384 1607 427 1671 Α.

227 1727 298 1790 124.
329 1717 385 1789 διά
409 1725 471 1787 τοῦ
502 1720 596 1788 ocal
619 1747 641 1788 υ
659 1746 740 1788 τιου
761 1718 835 1788 άντὶ
857 1726 920 1789 τοῦ
938 1719 1008 1790 τά.
1032 1720 1141 1804 οὕτως
1162 1720 1260 1810 καὶὴ

142 1825 362 1910 Σωσιγένους
383 1825 439 1890 καὶ
461 1817 774 1909 ἡἈριστοφάνους.
797 1825 839 1891 A.

230 1949 300 2012 142.
332 1946 387 2025 ἐς·
421 1941 478 2011 dcci
497 1949 560 2010 τοῦ
583 1938 832 2030 νἈρίσταρχος
853 1946 897 2011 ἐν
917 1940 951 2012 d'
975 1945 1097 2028 ἐρέτας.
1121 1946 1163 2012 A.
1205 1946 1259 2013 Of.
1322 2027 1328 2038 .

145 2053 217 2115 300.
241 2047 438 2115 Aristarcho
459 2047 575 2113 Lehrs.
599 2047 621 2112 l.
640 2047 662 2112 l.
684 2071 716 2135 p.
733 2052 792 2113 140
813 2049 972 2114 adsensus
989 2057 1049 2113 est.

230 2171 300 2232 157.
337 2162 554 2233 σκιόεντα·
578 2160 746 2231 σκιόωντα
768 2160 824 2231 διά
844 2169 907 2231 τοῦ
929 2189 956 2230 ω
977 2159 1190 2251 Ἀρίσταρχος
1216 2169 1258 2233 A.

143 2269 343 2358 Wolfproll.
363 2291 396 2356 p.
412 2267 570 2336 CCXLII
591 2269 625 2333 in
647 2268 867 2336 mediocribus
885 2268 1083 2335 lectionibus
1100 2279 1260 2335 numeret.

144 2370 260 2437 Lehrs.
286 2393 316 2436 c.
339 2372 361 2437 l.
383 2371 527 2458 adoptat.

232 2492 303 2556 162.
324 2485 524 2574 ἐμόγησα·
552 2484 665 2566 laucis
682 2484 721 2553 τὸ
744 2485 893 2573 ἐμόγησα
912 2488 950 2553 ol
965 2469 1193 2571 Ἀριστάρχου.
1217 2490 1260 2554 A.

143 2592 175 2658 h.
197 2615 226 2658 e.
248 2591 460 2657 Aristarchus
483 2591 565 2677 legit
596 2585 775 2674 μόγησα,
804 2601 841 2656 ut
861 2588 963 2655 schol.
986 2592 1018 2655 A
1040 2589 1080 2654 Il.
1105 2588 1121 2653 I
1142 2591 1215 2655 492.

232 2714 302 2776 169.
347 2704 544 2794 Φθίηνό’·
583 2703 693 2793 οὕτως
725 2703 796 2772 σάν
830 2710 877 2795 τῷ
910 2708 932 2773 d
964 2708 1001 2773 αί
1031 2700 1261 2794 Ἀριστάρχου,

145 2807 307 2897 Φθίηνδ’.
336 2809 392 2878 καὶ
412 2805 434 2896 ἡ
454 2807 649 2895 Ζηνοδότου
669 2803 803 2893 ὁμοίως.
826 2810 868 2874 Α.
890 2808 1070 2874 Βοοοίιετ.
1093 2809 1134 2874 de
1156 2810 1260 2877 Zeno-

146 2916 214 2980 dot.
230 2937 263 3002 p.
287 2917 328 2978 72
355 2922 431 2979 ante
452 2912 508 2979 καί
529 2907 550 2997 η
572 2917 610 2977 Ζ.
638 2912 802 2978 excidisse
823 2905 910 2987 stols
938 2908 975 2976 δέ
1005 2909 1107 2994 χωρίς
1137 2914 1200 2976 τοι)
1223 2911 1263 2978 δέ

142 3015 357 3104 probabiliter
388 3015 529 3080 coniecit
562 3013 637 3081 coll.
664 3013 766 3079 schol.
787 3013 870 3098 Reg.
896 3020 929 3077 et
950 3012 1056 3076 Amst.
1081 3035 1133 3101 ap.
1149 3013 1259 3100 Hcyn.

146 3118 195 3184 IV
213 3141 246 3205 p.
269 3120 310 3183 63
333 3115 442 3182 Crem.
464 3117 507 3183 A.
529 3117 566 3182 P.
590 3115 643 3181 III
660 3137 694 3202 p.
717 3117 790 3181 275.
829 3113 905 3179 Vid.
933 3113 1096 3180 Ribbeck.
1120 3124 1260 3203 quaestt.

137 3220 267 3309 'Zenod
289 3242 323 3306 p.
349 3222 398 3283 17.

229 3341 302 3404 203.
343 3330 396 3402 ότι
415 3336 516 3423 χωρὶς
538 3339 601 3403 τοῦ
621 3352 643 3401 σ
664 3333 702 3402 τό
726 3337 802 3424 top.
846 3336 1010 3425 Didymus
1036 3330 1126 3402 οὕτω
1158 3330 1256 3420 καὶὴ

140 3434 368 3525 Ἀριστάρχου.
401 3440 443 3504 A.

229 3544 301 3607 204.
332 3536 544 3625 Ἀρίσταρχος
580 3538 765 3626 clypeique
796 3540 1033 3625 τελέεσθαι,
1073 3533 1257 3602 οάτετε-

143 3644 304 3711 liobae.
327 3643 428 3710 ABL.

230 3749 303 3812 241.
324 3741 434 3822 οὕτως
451 3738 664 3828 Ἀρίσταρχος
684 3742 777 3811 τότε
798 3738 831 3808 d'
856 3737 960 3807 οὔτι.
984 3741 1026 3807 A.

230 3851 303 3914 258.
345 3850 389 3914 οἳ
412 3847 508 3929 περὶ
534 3844 609 3930 μὲν
630 3840 810 3930 βουλήν·
847 3841 904 3908 dcci
925 3845 988 3907 τοῦ
1010 3837 1200 3925 odorisio,
1222 3837 1265 3907 od

146 3948 203 4017 διὰ
224 3953 288 4017 τοῦ
314 3976 335 4016 ι.
367 3944 476 4027 οὕτως
495 3943 707 4030 Ἀρίσταρχος
730 3944 784 4010 καί
802 3943 840 4009 ἐν
852 3947 893 4033 τῇ
910 3946 1112 4028 ποίνστίχμ.
1134 3942 1175 4007 A.
1200 3941 1271 4007 Aut

148 4053 203 4119 καὶ
230 4063 307 4119 ante
335 4052 373 4119 ἐν
401 4051 593 4131 delendum,
623 4058 680 4115 aut
702 4047 832 4114 Seleuci
857 4068 977 4112 nomeu
1003 4053 1078 4134 post
1100 4040 1155 4108 καί
1177 4064 1270 4108 revo-

148 4154 290 4222 candum
311 4153 462 4238 videtur3
490 4152 536 4218 cl.
560 4154 634 4216 340.
679 4149 832 4216 Ceterum
854 4148 1017 4235 ineptiunt
1042 4146 1083 4212 B.
1106 4145 1146 4210 L.
1168 4144 1273 4210 Hero-

146 4258 280 4323 dianum
301 4257 335 4320 iri
356 4254 542 4322 Aristarchi
564 4253 682 4335 locum,
705 4260 743 4316 ut
756 4249 831 4316 aliis
849 4250 931 4316 locis
946 4247 1179 4336 compluribus,
1198 4246 1274 4315 sub-

146 4359 334 4423 stituentes.
