<?xml version="1.0" encoding="UTF-8"?>
<!DOCTYPE html PUBLIC "-//W3C//DTD XHTML 1.0 Transitional//EN"
    "http://www.w3.org/TR/xhtml1/DTD/xhtml1-transitional.dtd">
<html xmlns="http://www.w3.org/1999/xhtml" xml:lang="en" lang="en">
 <head>
  <title>
</title>
<meta http-equiv="Content-Type" content="text/html;charset=utf-8" />
  <meta name='ocr-system' content='tesseract 3.04.00' />
  <meta name='ocr-capabilities' content='ocr_page ocr_carea ocr_par ocr_line ocrx_word'/>
</head>
<body>
  <div class='ocr_page' id='page_1' title='image "./didymichalcente00schmgoog_0156.png"; bbox 0 0 2948 5024; ppageno 0'>
   <div class='ocr_carea' id='block_1_1' title="bbox 530 417 1235 485">
    <p class='ocr_par' dir='ltr' id='par_1_1' title="bbox 530 417 1235 485">
     <span class='ocr_line' id='line_1_1' title="bbox 530 417 1235 485; baseline -0.01 0"><span class='ocrx_word' id='word_1_1' title='bbox 530 422 779 485; x_wconf 63' lang='lat' dir='ltr'><strong><em>,—I-</em></strong></span> <span class='ocrx_word' id='word_1_2' title='bbox 1177 417 1235 479; x_wconf 89' lang='grc'><strong>137</strong></span> 
     </span>
    </p>
   </div>
   <div class='ocr_carea' id='block_1_2' title="bbox 115 583 1239 4444">
    <p class='ocr_par' dir='ltr' id='par_1_2' title="bbox 126 583 1238 774">
     <span class='ocr_line' id='line_1_2' title="bbox 126 583 1238 679; baseline -0.013 -20"><span class='ocrx_word' id='word_1_3' title='bbox 126 596 336 679; x_wconf 78' lang='lat' dir='ltr'><strong>Quamquam</strong></span> <span class='ocrx_word' id='word_1_4' title='bbox 374 596 406 652; x_wconf 85' lang='lat' dir='ltr'><strong><em>ct</em></strong></span> <span class='ocrx_word' id='word_1_5' title='bbox 434 587 562 674; x_wconf 81' lang='lat' dir='ltr'><strong>reliqua</strong></span> <span class='ocrx_word' id='word_1_6' title='bbox 589 586 704 652; x_wconf 87' lang='lat' dir='ltr'><strong>scholii</strong></span> <span class='ocrx_word' id='word_1_7' title='bbox 734 606 811 672; x_wconf 83' lang='lat' dir='ltr'><strong>psrs</strong></span> <span class='ocrx_word' id='word_1_8' title='bbox 830 583 1086 650; x_wconf 82' lang='lat' dir='ltr'><strong>Friodlaendero</strong></span> <span class='ocrx_word' id='word_1_9' title='bbox 1116 608 1148 671; x_wconf 89' lang='lat' dir='ltr'><strong><em>p.</em></strong></span> <span class='ocrx_word' id='word_1_10' title='bbox 1181 585 1238 647; x_wconf 87' lang='grc'><strong><em>169</em></strong></span> 
     </span>
     <span class='ocr_line' id='line_1_3' title="bbox 127 686 1055 774; baseline -0.016 -10"><span class='ocrx_word' id='word_1_11' title='bbox 127 708 217 763; x_wconf 83' lang='lat' dir='ltr'><strong>recto</strong></span> <span class='ocrx_word' id='word_1_12' title='bbox 238 692 370 757; x_wconf 82' lang='lat' dir='ltr'><strong>videtur</strong></span> <span class='ocrx_word' id='word_1_13' title='bbox 390 714 432 756; x_wconf 83' lang='lat' dir='ltr'><strong><em>cx</em></strong></span> <span class='ocrx_word' id='word_1_14' title='bbox 454 690 642 755; x_wconf 79' lang='lat' dir='ltr'><strong>Aristonico</strong></span> <span class='ocrx_word' id='word_1_15' title='bbox 663 697 695 753; x_wconf 86' lang='lat' dir='ltr'><strong><em>ot</em></strong></span> <span class='ocrx_word' id='word_1_16' title='bbox 715 686 860 774; x_wconf 86' lang='lat' dir='ltr'><strong>Didymo</strong></span> <span class='ocrx_word' id='word_1_17' title='bbox 883 686 1055 752; x_wconf 78' lang='lat' dir='ltr'><strong>coaluisse.</strong></span> 
     </span>
    </p>

    <p class='ocr_par' dir='ltr' id='par_1_3' title="bbox 214 783 1188 877">
     <span class='ocr_line' id='line_1_4' title="bbox 214 783 1188 877; baseline -0.005 -18"><span class='ocrx_word' id='word_1_18' title='bbox 214 798 288 859; x_wconf 88' lang='grc'><strong>270.</strong></span> <span class='ocrx_word' id='word_1_19' title='bbox 311 788 420 871; x_wconf 80' lang='grc' dir='ltr'><strong><em>οὕτως</em></strong></span> <span class='ocrx_word' id='word_1_20' title='bbox 439 787 651 877; x_wconf 73' lang='grc' dir='ltr'><strong><em>Ἀρίσταρχος</em></strong></span> <span class='ocrx_word' id='word_1_21' title='bbox 675 783 757 873; x_wconf 85' lang='grc' dir='ltr'><strong><em>μετά</em></strong></span> <span class='ocrx_word' id='word_1_22' title='bbox 780 791 842 853; x_wconf 88' lang='grc' dir='ltr'><strong><em>τού</em></strong></span> <span class='ocrx_word' id='word_1_23' title='bbox 861 805 883 853; x_wconf 97' lang='grc' dir='ltr'><strong><em>σ</em></strong></span> <span class='ocrx_word' id='word_1_24' title='bbox 901 783 1127 873; x_wconf 90' lang='grc' dir='ltr'><strong><em>ἀμύμονας.</em></strong></span> <span class='ocrx_word' id='word_1_25' title='bbox 1148 787 1188 854; x_wconf 98' lang='lat' dir='ltr'><strong>A.</strong></span> 
     </span>
    </p>

    <p class='ocr_par' dir='ltr' id='par_1_4' title="bbox 130 889 1238 1082">
     <span class='ocr_line' id='line_1_5' title="bbox 215 889 1238 981; baseline -0.003 -20"><span class='ocrx_word' id='word_1_26' title='bbox 215 901 287 962; x_wconf 90' lang='grc'><strong>274.</strong></span> <span class='ocrx_word' id='word_1_27' title='bbox 308 891 531 981; x_wconf 77' lang='grc' dir='ltr'><strong><em>Ἀρίσταρχος·</em></strong></span> <span class='ocrx_word' id='word_1_28' title='bbox 570 890 699 976; x_wconf 81' lang='grc' dir='ltr'><strong><em>κούρη</em></strong></span> <span class='ocrx_word' id='word_1_29' title='bbox 731 890 817 971; x_wconf 87' lang='lat' dir='ltr'><strong>(cod.</strong></span> <span class='ocrx_word' id='word_1_30' title='bbox 849 889 1022 977; x_wconf 82' lang='grc' dir='ltr'><strong><em>κούρης)</em></strong></span> <span class='ocrx_word' id='word_1_31' title='bbox 1057 894 1238 977; x_wconf 71' lang='grc' dir='ltr'><strong><em>Βρισηῒς,</em></strong></span> 
     </span>
     <span class='ocr_line' id='line_1_6' title="bbox 130 989 905 1082; baseline -0.013 -16"><span class='ocrx_word' id='word_1_32' title='bbox 130 998 196 1066; x_wconf 77' lang='grc' dir='ltr'><strong><em>ἐπὶ</em></strong></span> <span class='ocrx_word' id='word_1_33' title='bbox 215 994 258 1063; x_wconf 71' lang='grc' dir='ltr'><strong><em>δὲ</em></strong></span> <span class='ocrx_word' id='word_1_34' title='bbox 277 998 409 1082; x_wconf 85' lang='grc' dir='ltr'><strong><em>μέγαν</em></strong></span> <span class='ocrx_word' id='word_1_35' title='bbox 428 993 556 1080; x_wconf 87' lang='grc' dir='ltr'><strong><em>ὅρκον</em></strong></span> <span class='ocrx_word' id='word_1_36' title='bbox 574 989 749 1079; x_wconf 74' lang='grc' dir='ltr'><strong><em>ὀμεῖται.</em></strong></span> <span class='ocrx_word' id='word_1_37' title='bbox 778 993 820 1058; x_wconf 92' lang='lat' dir='ltr'><strong>A.</strong></span> <span class='ocrx_word' id='word_1_38' title='bbox 904 1000 905 1004; x_wconf 77' lang='grc'>’</span> 
     </span>
    </p>

    <p class='ocr_par' dir='ltr' id='par_1_5' title="bbox 129 1089 1239 1269">
     <span class='ocr_line' id='line_1_7' title="bbox 214 1089 1239 1182; baseline -0.002 -18"><span class='ocrx_word' id='word_1_39' title='bbox 214 1103 286 1165; x_wconf 97' lang='grc'><strong>297.</strong></span> <span class='ocrx_word' id='word_1_40' title='bbox 301 1139 344 1150; x_wconf 93' lang='grc'>-</span> <span class='ocrx_word' id='word_1_41' title='bbox 358 1094 467 1177; x_wconf 86' lang='grc' dir='ltr'><strong><em>ούτως</em></strong></span> <span class='ocrx_word' id='word_1_42' title='bbox 483 1095 548 1182; x_wconf 83' lang='grc' dir='ltr'><strong><em>γάρ</em></strong></span> <span class='ocrx_word' id='word_1_43' title='bbox 561 1092 773 1182; x_wconf 77' lang='grc' dir='ltr'><strong><em>Ἀρίσταρχος</em></strong></span> <span class='ocrx_word' id='word_1_44' title='bbox 789 1091 1062 1181; x_wconf 74' lang='grc' dir='ltr'><strong><em>τιμήσονται,</em></strong></span> <span class='ocrx_word' id='word_1_45' title='bbox 1083 1089 1129 1174; x_wconf 79' lang='grc' dir='ltr'><strong><em>ὥς</em></strong></span> <span class='ocrx_word' id='word_1_46' title='bbox 1143 1093 1239 1163; x_wconf 81' lang='grc' dir='ltr'><strong><em>ἐλεύ-</em></strong></span> 
     </span>
     <span class='ocr_line' id='line_1_8' title="bbox 129 1202 326 1269; baseline 0.005 -4"><span class='ocrx_word' id='word_1_47' title='bbox 129 1217 262 1267; x_wconf 84' lang='grc' dir='ltr'><strong><em>σιονται.</em></strong></span> <span class='ocrx_word' id='word_1_48' title='bbox 284 1202 326 1269; x_wconf 89' lang='grc' dir='ltr'><strong><em>Α.</em></strong></span> 
     </span>
    </p>

    <p class='ocr_par' dir='ltr' id='par_1_6' title="bbox 126 1295 1239 1488">
     <span class='ocr_line' id='line_1_9' title="bbox 210 1295 1239 1388; baseline 0 -22"><span class='ocrx_word' id='word_1_49' title='bbox 210 1304 282 1368; x_wconf 90' lang='grc'><strong>299.</strong></span> <span class='ocrx_word' id='word_1_50' title='bbox 302 1297 359 1368; x_wconf 90' lang='grc' dir='ltr'><strong><em>διά</em></strong></span> <span class='ocrx_word' id='word_1_51' title='bbox 382 1306 444 1369; x_wconf 88' lang='grc' dir='ltr'><strong><em>τού</em></strong></span> <span class='ocrx_word' id='word_1_52' title='bbox 465 1299 615 1388; x_wconf 78' lang='grc' dir='ltr'><strong><em>ἕτέρονλ</em></strong></span> <span class='ocrx_word' id='word_1_53' title='bbox 632 1296 669 1368; x_wconf 87' lang='grc' dir='ltr'><strong><em>τὸ</em></strong></span> <span class='ocrx_word' id='word_1_54' title='bbox 689 1296 997 1386; x_wconf 79' lang='grc' dir='ltr'><strong><em>μεταλλήξαντι</em></strong></span> <span class='ocrx_word' id='word_1_55' title='bbox 1020 1295 1239 1386; x_wconf 88' lang='grc' dir='ltr'><strong><em>αίἈριστάρ-</em></strong></span> 
     </span>
     <span class='ocr_line' id='line_1_10' title="bbox 126 1403 437 1488; baseline 0.003 -20"><span class='ocrx_word' id='word_1_56' title='bbox 126 1426 197 1487; x_wconf 86' lang='grc' dir='ltr'><strong><em>χον.</em></strong></span> <span class='ocrx_word' id='word_1_57' title='bbox 220 1403 274 1488; x_wconf 86' lang='lat' dir='ltr'><strong>A.‚</strong></span> <span class='ocrx_word' id='word_1_58' title='bbox 296 1406 340 1471; x_wconf 88' lang='lat' dir='ltr'><strong><em>cf.</em></strong></span> <span class='ocrx_word' id='word_1_59' title='bbox 364 1409 437 1470; x_wconf 88' lang='grc'><strong>219.</strong></span> 
     </span>
    </p>

    <p class='ocr_par' dir='ltr' id='par_1_7' title="bbox 213 1500 986 1590">
     <span class='ocr_line' id='line_1_11' title="bbox 213 1500 986 1590; baseline -0.001 -18"><span class='ocrx_word' id='word_1_60' title='bbox 213 1511 286 1572; x_wconf 86' lang='grc'><strong>319.</strong></span> <span class='ocrx_word' id='word_1_61' title='bbox 310 1509 488 1589; x_wconf 81' lang='grc' dir='ltr'><strong><em>κρανέω·</em></strong></span> <span class='ocrx_word' id='word_1_62' title='bbox 510 1500 722 1590; x_wconf 85' lang='grc' dir='ltr'><strong><em>Ἀρίσταρχος</em></strong></span> <span class='ocrx_word' id='word_1_63' title='bbox 742 1503 918 1589; x_wconf 81' lang='grc' dir='ltr'><strong><em>φρονέω.</em></strong></span> <span class='ocrx_word' id='word_1_64' title='bbox 943 1506 986 1571; x_wconf 91' lang='lat' dir='ltr'><strong><em>A.</em></strong></span> 
     </span>
    </p>

    <p class='ocr_par' dir='ltr' id='par_1_8' title="bbox 124 1601 1239 1902">
     <span class='ocr_line' id='line_1_12' title="bbox 210 1601 1237 1695; baseline -0.001 -20"><span class='ocrx_word' id='word_1_65' title='bbox 210 1614 283 1676; x_wconf 88' lang='grc'><strong>317.</strong></span> <span class='ocrx_word' id='word_1_66' title='bbox 305 1605 390 1695; x_wconf 88' lang='grc' dir='ltr'><strong><em>μετ’</em></strong></span> <span class='ocrx_word' id='word_1_67' title='bbox 416 1604 637 1695; x_wconf 76' lang='grc' dir='ltr'><strong><em>ἀνδράσιν·</em></strong></span> <span class='ocrx_word' id='word_1_68' title='bbox 658 1602 869 1692; x_wconf 81' lang='grc' dir='ltr'><strong><em>Ἀρίσταρχος</em></strong></span> <span class='ocrx_word' id='word_1_69' title='bbox 891 1601 949 1672; x_wconf 79' lang='grc' dir='ltr'><strong><em>ἐτ’</em></strong></span> <span class='ocrx_word' id='word_1_70' title='bbox 974 1601 1161 1689; x_wconf 77' lang='grc' dir='ltr'><strong><em>ἀνδράσι.</em></strong></span> <span class='ocrx_word' id='word_1_71' title='bbox 1195 1610 1237 1674; x_wconf 89' lang='lat' dir='ltr'><strong><em>A.</em></strong></span> 
     </span>
     <span class='ocr_line' id='line_1_13' title="bbox 124 1703 1239 1801; baseline -0.004 -23"><span class='ocrx_word' id='word_1_72' title='bbox 124 1740 127 1748; x_wconf 90' lang='lat'><strong>·</strong></span> <span class='ocrx_word' id='word_1_73' title='bbox 210 1715 283 1778; x_wconf 88' lang='grc'><strong>322.</strong></span> <span class='ocrx_word' id='word_1_74' title='bbox 306 1708 414 1789; x_wconf 80' lang='grc' dir='ltr'><strong><em>οὕτως</em></strong></span> <span class='ocrx_word' id='word_1_75' title='bbox 432 1705 621 1801; x_wconf 85' lang='grc' dir='ltr'><strong><em>Ἀίσταρχος</em></strong></span> <span class='ocrx_word' id='word_1_76' title='bbox 648 1711 892 1792; x_wconf 77' lang='grc' dir='ltr'><strong><em>πολεμίζειν</em></strong></span> <span class='ocrx_word' id='word_1_77' title='bbox 918 1705 1000 1776; x_wconf 86' lang='grc' dir='ltr'><strong><em>κατά</em></strong></span> <span class='ocrx_word' id='word_1_78' title='bbox 1029 1707 1066 1776; x_wconf 90' lang='grc' dir='ltr'><strong>τό</strong></span> <span class='ocrx_word' id='word_1_79' title='bbox 1089 1703 1239 1795; x_wconf 80' lang='grc' dir='ltr'><strong><em>άταρέμ-</em></strong></span> 
     </span>
     <span class='ocr_line' id='line_1_14' title="bbox 124 1817 317 1902; baseline -0.021 -18"><span class='ocrx_word' id='word_1_80' title='bbox 124 1840 245 1902; x_wconf 92' lang='grc' dir='ltr'><strong><em>φατον.</em></strong></span> <span class='ocrx_word' id='word_1_81' title='bbox 274 1817 317 1881; x_wconf 91' lang='lat' dir='ltr'><strong>A.</strong></span> 
     </span>
    </p>

    <p class='ocr_par' dir='ltr' id='par_1_9' title="bbox 122 1909 1239 2105">
     <span class='ocr_line' id='line_1_15' title="bbox 210 1909 1239 2000; baseline -0.005 -17"><span class='ocrx_word' id='word_1_82' title='bbox 210 1922 284 1984; x_wconf 89' lang='grc'><strong>324.</strong></span> <span class='ocrx_word' id='word_1_83' title='bbox 315 1909 372 1981; x_wconf 83' lang='grc' dir='ltr'><strong><em>διά</em></strong></span> <span class='ocrx_word' id='word_1_84' title='bbox 394 1917 457 1980; x_wconf 87' lang='grc' dir='ltr'><strong><em>τού</em></strong></span> <span class='ocrx_word' id='word_1_85' title='bbox 478 1909 555 1996; x_wconf 85' lang='grc' dir='ltr'><strong><em>ἀρα</em></strong></span> <span class='ocrx_word' id='word_1_86' title='bbox 576 1909 770 1998; x_wconf 89' lang='grc' dir='ltr'><strong><em>γράφουσιν</em></strong></span> <span class='ocrx_word' id='word_1_87' title='bbox 790 1917 829 1981; x_wconf 90' lang='grc' dir='ltr'><strong><em>αί</em></strong></span> <span class='ocrx_word' id='word_1_88' title='bbox 842 1912 1076 2000; x_wconf 92' lang='grc' dir='ltr'><strong><em>Ἀριστάρχου,</em></strong></span> <span class='ocrx_word' id='word_1_89' title='bbox 1103 1937 1151 1980; x_wconf 87' lang='grc' dir='ltr'><strong><em>κα</em></strong></span> <span class='ocrx_word' id='word_1_90' title='bbox 1160 1918 1215 1979; x_wconf 78' lang='grc' dir='ltr'><strong><em>κά</em></strong></span> <span class='ocrx_word' id='word_1_91' title='bbox 1222 1941 1239 1994; x_wconf 90' lang='grc' dir='ltr'><strong><em>ς</em></strong></span> 
     </span>
     <span class='ocr_line' id='line_1_16' title="bbox 122 2011 1090 2105; baseline -0.005 -17"><span class='ocrx_word' id='word_1_92' title='bbox 122 2018 155 2088; x_wconf 85' lang='grc' dir='ltr'><strong><em>δ’</em></strong></span> <span class='ocrx_word' id='word_1_93' title='bbox 186 2016 266 2105; x_wconf 81' lang='grc' dir='ltr'><strong><em>ἀρα</em></strong></span> <span class='ocrx_word' id='word_1_94' title='bbox 287 2019 334 2083; x_wconf 90' lang='grc' dir='ltr'><strong><em>οί.</em></strong></span> <span class='ocrx_word' id='word_1_95' title='bbox 358 2019 396 2082; x_wconf 90' lang='grc' dir='ltr'><strong><em>αί</em></strong></span> <span class='ocrx_word' id='word_1_96' title='bbox 414 2013 452 2082; x_wconf 75' lang='grc' dir='ltr'><strong><em>δὲ</em></strong></span> <span class='ocrx_word' id='word_1_97' title='bbox 474 2011 673 2095; x_wconf 85' lang='grc' dir='ltr'><strong><em>είκαιύτεραι</em></strong></span> <span class='ocrx_word' id='word_1_98' title='bbox 697 2020 832 2095; x_wconf 77' lang='grc' dir='ltr'><strong><em>κακῶς</em></strong></span> <span class='ocrx_word' id='word_1_99' title='bbox 853 2018 903 2083; x_wconf 76' lang='grc' dir='ltr'><strong><em>δέ</em></strong></span> <span class='ocrx_word' id='word_1_100' title='bbox 920 2018 963 2084; x_wconf 85' lang='grc' dir='ltr'><strong><em>τέ</em></strong></span> <span class='ocrx_word' id='word_1_101' title='bbox 981 2019 1026 2083; x_wconf 88' lang='grc' dir='ltr'><strong><em>οί.</em></strong></span> <span class='ocrx_word' id='word_1_102' title='bbox 1049 2019 1090 2083; x_wconf 91' lang='lat' dir='ltr'><strong>A.</strong></span> 
     </span>
    </p>

    <p class='ocr_par' dir='ltr' id='par_1_10' title="bbox 123 2110 1238 2512">
     <span class='ocr_line' id='line_1_17' title="bbox 209 2110 1237 2206; baseline 0 -19"><span class='ocrx_word' id='word_1_103' title='bbox 209 2126 280 2188; x_wconf 91' lang='grc'><strong>349.</strong></span> <span class='ocrx_word' id='word_1_104' title='bbox 305 2124 377 2186; x_wconf 87' lang='grc'><strong>350.</strong></span> <span class='ocrx_word' id='word_1_105' title='bbox 401 2119 439 2183; x_wconf 76' lang='grc' dir='ltr'><strong><em>ἐν</em></strong></span> <span class='ocrx_word' id='word_1_106' title='bbox 451 2120 497 2205; x_wconf 77' lang='grc' dir='ltr'><strong><em>τῷ</em></strong></span> <span class='ocrx_word' id='word_1_107' title='bbox 514 2117 590 2200; x_wconf 77' lang='grc' dir='ltr'><strong><em>περὶ</em></strong></span> <span class='ocrx_word' id='word_1_108' title='bbox 602 2110 737 2196; x_wconf 77' lang='grc' dir='ltr'><strong><em>Ἰλιάδος</em></strong></span> <span class='ocrx_word' id='word_1_109' title='bbox 750 2116 805 2182; x_wconf 79' lang='grc' dir='ltr'><strong><em>καὶ</em></strong></span> <span class='ocrx_word' id='word_1_110' title='bbox 818 2114 1009 2200; x_wconf 82' lang='grc' dir='ltr'><strong><em>Ὀδυσσείας</em></strong></span> <span class='ocrx_word' id='word_1_111' title='bbox 1027 2115 1045 2185; x_wconf 87' lang='grc' dir='ltr'>ὁ</span> <span class='ocrx_word' id='word_1_112' title='bbox 1064 2118 1237 2206; x_wconf 89' lang='grc' dir='ltr'><strong><em>Ἀρίσταρ-</em></strong></span> 
     </span>
     <span class='ocr_line' id='line_1_18' title="bbox 123 2212 1238 2313; baseline -0.002 -23"><span class='ocrx_word' id='word_1_113' title='bbox 123 2251 180 2313; x_wconf 88' lang='grc' dir='ltr'><strong><em>χος</em></strong></span> <span class='ocrx_word' id='word_1_114' title='bbox 200 2216 404 2308; x_wconf 73' lang='grc' dir='ltr'><strong><em>προφέρεται</em></strong></span> <span class='ocrx_word' id='word_1_115' title='bbox 425 2218 493 2283; x_wconf 77' lang='grc' dir='ltr'><strong><em>καί</em></strong></span> <span class='ocrx_word' id='word_1_116' title='bbox 515 2212 669 2302; x_wconf 81' lang='grc' dir='ltr'><strong><em>ἤλασεν</em></strong></span> <span class='ocrx_word' id='word_1_117' title='bbox 688 2216 831 2285; x_wconf 79' lang='grc' dir='ltr'><strong><em>ἐκτόθι</em></strong></span> <span class='ocrx_word' id='word_1_118' title='bbox 849 2218 1032 2306; x_wconf 80' lang='grc' dir='ltr'><strong><em>τάφρον,</em></strong></span> <span class='ocrx_word' id='word_1_119' title='bbox 1056 2225 1111 2288; x_wconf 80' lang='grc' dir='ltr'><strong><em>καὶ</em></strong></span> <span class='ocrx_word' id='word_1_120' title='bbox 1133 2223 1170 2288; x_wconf 79' lang='grc' dir='ltr'><strong><em>ἐν</em></strong></span> <span class='ocrx_word' id='word_1_121' title='bbox 1191 2227 1238 2311; x_wconf 76' lang='grc' dir='ltr'><strong><em>τῷ</em></strong></span> 
     </span>
     <span class='ocr_line' id='line_1_19' title="bbox 125 2317 1238 2413; baseline -0.004 -18"><span class='ocrx_word' id='word_1_122' title='bbox 125 2327 199 2413; x_wconf 76' lang='grc' dir='ltr'><strong><em>ἑξῆς</em></strong></span> <span class='ocrx_word' id='word_1_123' title='bbox 213 2324 308 2409; x_wconf 73' lang='grc' dir='ltr'><strong><em>περὶ</em></strong></span> <span class='ocrx_word' id='word_1_124' title='bbox 329 2320 372 2388; x_wconf 73' lang='grc' dir='ltr'><strong><em>δὲ</em></strong></span> <span class='ocrx_word' id='word_1_125' title='bbox 392 2317 603 2399; x_wconf 77' lang='grc' dir='ltr'><strong><em>σκόλοπας</em></strong></span> <span class='ocrx_word' id='word_1_126' title='bbox 622 2319 859 2406; x_wconf 78' lang='grc' dir='ltr'><strong><em>κατέτηξεν.</em></strong></span> <span class='ocrx_word' id='word_1_127' title='bbox 899 2326 962 2389; x_wconf 80' lang='grc' dir='ltr'><strong><em>εἰσὶ</em></strong></span> <span class='ocrx_word' id='word_1_128' title='bbox 981 2326 1017 2390; x_wconf 75' lang='grc' dir='ltr'><strong><em>δὲ</em></strong></span> <span class='ocrx_word' id='word_1_129' title='bbox 1035 2320 1100 2391; x_wconf 81' lang='grc' dir='ltr'><strong><em>οὐκ</em></strong></span> <span class='ocrx_word' id='word_1_130' title='bbox 1117 2319 1238 2390; x_wconf 84' lang='grc' dir='ltr'><strong><em>άτοκοι</em></strong></span> 
     </span>
     <span class='ocr_line' id='line_1_20' title="bbox 123 2422 519 2512; baseline -0.018 -17"><span class='ocrx_word' id='word_1_131' title='bbox 123 2432 160 2496; x_wconf 89' lang='grc' dir='ltr'><strong><em>αί</em></strong></span> <span class='ocrx_word' id='word_1_132' title='bbox 178 2431 316 2512; x_wconf 86' lang='grc' dir='ltr'><strong><em>γραφαί.</em></strong></span> <span class='ocrx_word' id='word_1_133' title='bbox 340 2425 392 2506; x_wconf 87' lang='lat' dir='ltr'><strong>A.,</strong></span> <span class='ocrx_word' id='word_1_134' title='bbox 414 2423 458 2487; x_wconf 86' lang='lat' dir='ltr'><strong><em>cf.</em></strong></span> <span class='ocrx_word' id='word_1_135' title='bbox 479 2422 519 2488; x_wconf 89' lang='lat' dir='ltr'><strong>L.</strong></span> 
     </span>
    </p>

    <p class='ocr_par' dir='ltr' id='par_1_11' title="bbox 209 2518 1183 2608">
     <span class='ocr_line' id='line_1_21' title="bbox 209 2518 1183 2608; baseline -0.004 -15"><span class='ocrx_word' id='word_1_136' title='bbox 209 2530 282 2594; x_wconf 88' lang='grc'><strong>383.</strong></span> <span class='ocrx_word' id='word_1_137' title='bbox 302 2521 513 2608; x_wconf 86' lang='grc' dir='ltr'><strong><em>Ἀρίσταρχος</em></strong></span> <span class='ocrx_word' id='word_1_138' title='bbox 536 2519 723 2608; x_wconf 81' lang='grc' dir='ltr'><strong><em>ἑκάστας,</em></strong></span> <span class='ocrx_word' id='word_1_139' title='bbox 743 2518 839 2590; x_wconf 86' lang='grc' dir='ltr'><strong><em>ἀλλοι</em></strong></span> <span class='ocrx_word' id='word_1_140' title='bbox 862 2521 899 2590; x_wconf 73' lang='grc' dir='ltr'><strong><em>δὲ</em></strong></span> <span class='ocrx_word' id='word_1_141' title='bbox 920 2522 1109 2608; x_wconf 82' lang='grc' dir='ltr'><strong><em>ἑκάστην.</em></strong></span> <span class='ocrx_word' id='word_1_142' title='bbox 1142 2526 1183 2591; x_wconf 91' lang='grc' dir='ltr'><strong><em>Α.</em></strong></span> 
     </span>
    </p>

    <p class='ocr_par' dir='ltr' id='par_1_12' title="bbox 208 2620 1077 2711">
     <span class='ocr_line' id='line_1_22' title="bbox 208 2620 1077 2711; baseline -0.005 -17"><span class='ocrx_word' id='word_1_143' title='bbox 208 2632 281 2694; x_wconf 87' lang='grc'><strong>394.</strong></span> <span class='ocrx_word' id='word_1_144' title='bbox 301 2620 511 2711; x_wconf 87' lang='grc' dir='ltr'><strong><em>Ἀρίσταρχος</em></strong></span> <span class='ocrx_word' id='word_1_145' title='bbox 528 2622 711 2708; x_wconf 79' lang='grc' dir='ltr'><strong><em>γυναῖκά</em></strong></span> <span class='ocrx_word' id='word_1_146' title='bbox 734 2649 778 2709; x_wconf 89' lang='grc' dir='ltr'><strong><em>γε</em></strong></span> <span class='ocrx_word' id='word_1_147' title='bbox 800 2623 1012 2708; x_wconf 89' lang='grc' dir='ltr'><strong><em>μάσσεται.</em></strong></span> <span class='ocrx_word' id='word_1_148' title='bbox 1036 2628 1077 2692; x_wconf 90' lang='grc' dir='ltr'><strong><em>Α.</em></strong></span> 
     </span>
    </p>

    <p class='ocr_par' dir='ltr' id='par_1_13' title="bbox 149 2721 1030 2811">
     <span class='ocr_line' id='line_1_23' title="bbox 149 2721 1030 2811; baseline -0.003 -16"><span class='ocrx_word' id='word_1_149' title='bbox 149 2755 152 2762; x_wconf 93' lang='grc'><strong><em>·</em></strong></span> <span class='ocrx_word' id='word_1_150' title='bbox 192 2734 282 2796; x_wconf 87' lang='grc'><strong>397.</strong></span> <span class='ocrx_word' id='word_1_151' title='bbox 304 2727 512 2810; x_wconf 73' lang='grc' dir='ltr'><strong><em>ἐθέλοιμι·</em></strong></span> <span class='ocrx_word' id='word_1_152' title='bbox 533 2721 745 2809; x_wconf 89' lang='grc' dir='ltr'><strong><em>Ἀρίσταρχος</em></strong></span> <span class='ocrx_word' id='word_1_153' title='bbox 766 2725 964 2811; x_wconf 79' lang='grc' dir='ltr'><strong><em>ἐθέλωμι.</em></strong></span> <span class='ocrx_word' id='word_1_154' title='bbox 987 2729 1030 2793; x_wconf 89' lang='lat' dir='ltr'><strong>A.</strong></span> 
     </span>
    </p>

    <p class='ocr_par' dir='ltr' id='par_1_14' title="bbox 123 2824 1238 3017">
     <span class='ocr_line' id='line_1_24' title="bbox 208 2824 1238 2918; baseline 0.001 -21"><span class='ocrx_word' id='word_1_155' title='bbox 208 2834 281 2897; x_wconf 86' lang='grc'><strong>399.</strong></span> <span class='ocrx_word' id='word_1_156' title='bbox 309 2828 505 2915; x_wconf 81' lang='grc' dir='ltr'><strong><em>γήμαντι·</em></strong></span> <span class='ocrx_word' id='word_1_157' title='bbox 540 2824 649 2908; x_wconf 81' lang='grc' dir='ltr'><strong><em>οὕτως</em></strong></span> <span class='ocrx_word' id='word_1_158' title='bbox 668 2824 876 2914; x_wconf 89' lang='grc' dir='ltr'><strong><em>Ἀρίσταρχος</em></strong></span> <span class='ocrx_word' id='word_1_159' title='bbox 895 2825 979 2895; x_wconf 88' lang='grc' dir='ltr'><strong><em>κατά</em></strong></span> <span class='ocrx_word' id='word_1_160' title='bbox 999 2831 1154 2918; x_wconf 83' lang='grc' dir='ltr'><strong><em>δοτικήν,</em></strong></span> <span class='ocrx_word' id='word_1_161' title='bbox 1176 2827 1238 2898; x_wconf 87' lang='grc' dir='ltr'><strong><em>άλ-</em></strong></span> 
     </span>
     <span class='ocr_line' id='line_1_25' title="bbox 123 2928 514 3017; baseline -0.005 -19"><span class='ocrx_word' id='word_1_162' title='bbox 123 2938 175 2998; x_wconf 91' lang='grc' dir='ltr'><strong><em>λοι</em></strong></span> <span class='ocrx_word' id='word_1_163' title='bbox 195 2928 231 2998; x_wconf 71' lang='grc' dir='ltr'><strong><em>δὲ</em></strong></span> <span class='ocrx_word' id='word_1_164' title='bbox 250 2930 449 3017; x_wconf 81' lang='grc' dir='ltr'><strong><em>γήμαντα.</em></strong></span> <span class='ocrx_word' id='word_1_165' title='bbox 467 2934 514 2997; x_wconf 85' lang='grc' dir='ltr'><strong><em>Ἀ.</em></strong></span> 
     </span>
    </p>

    <p class='ocr_par' dir='ltr' id='par_1_15' title="bbox 120 3027 1238 3429">
     <span class='ocr_line' id='line_1_26' title="bbox 207 3027 1238 3120; baseline 0.005 -22"><span class='ocrx_word' id='word_1_166' title='bbox 207 3037 280 3099; x_wconf 88' lang='grc'><strong>461.</strong></span> <span class='ocrx_word' id='word_1_167' title='bbox 306 3027 354 3099; x_wconf 83' lang='grc' dir='ltr'><strong><em>ού</em></strong></span> <span class='ocrx_word' id='word_1_168' title='bbox 376 3031 455 3119; x_wconf 85' lang='grc' dir='ltr'><strong><em>γάρ</em></strong></span> <span class='ocrx_word' id='word_1_169' title='bbox 475 3035 569 3119; x_wconf 74' lang='grc' dir='ltr'><strong><em>ἐμοὶ</em></strong></span> <span class='ocrx_word' id='word_1_170' title='bbox 588 3037 734 3118; x_wconf 75' lang='grc' dir='ltr'><strong><em>ψυχῆς·</em></strong></span> <span class='ocrx_word' id='word_1_171' title='bbox 764 3033 875 3111; x_wconf 79' lang='grc' dir='ltr'><strong><em>ἐνίους</em></strong></span> <span class='ocrx_word' id='word_1_172' title='bbox 897 3033 1002 3119; x_wconf 83' lang='grc' dir='ltr'><strong><em>φησὶν</em></strong></span> <span class='ocrx_word' id='word_1_173' title='bbox 1024 3028 1043 3100; x_wconf 90' lang='grc' dir='ltr'>ὁ</span> <span class='ocrx_word' id='word_1_174' title='bbox 1065 3029 1238 3120; x_wconf 87' lang='grc' dir='ltr'><strong><em>Ἀρίσταρ-</em></strong></span> 
     </span>
     <span class='ocr_line' id='line_1_27' title="bbox 128 3130 1235 3225; baseline 0.007 -27"><span class='ocrx_word' id='word_1_175' title='bbox 128 3157 185 3218; x_wconf 88' lang='grc' dir='ltr'><strong><em>χος</em></strong></span> <span class='ocrx_word' id='word_1_176' title='bbox 201 3131 346 3220; x_wconf 78' lang='grc' dir='ltr'><strong><em>γράφειν</em></strong></span> <span class='ocrx_word' id='word_1_177' title='bbox 366 3130 416 3200; x_wconf 92' lang='grc' dir='ltr'><strong><em>ού</em></strong></span> <span class='ocrx_word' id='word_1_178' title='bbox 438 3131 514 3219; x_wconf 84' lang='grc' dir='ltr'><strong><em>γάρ</em></strong></span> <span class='ocrx_word' id='word_1_179' title='bbox 534 3135 550 3199; x_wconf 78' lang='grc' dir='ltr'>ἐ</span> <span class='ocrx_word' id='word_1_180' title='bbox 556 3142 607 3219; x_wconf 81' lang='grc' dir='ltr'><strong><em>μῆ</em></strong></span> <span class='ocrx_word' id='word_1_181' title='bbox 614 3161 631 3212; x_wconf 90' lang='grc' dir='ltr'><strong><em>ς</em></strong></span> <span class='ocrx_word' id='word_1_182' title='bbox 651 3139 806 3220; x_wconf 80' lang='grc' dir='ltr'><strong><em>ψυχῆς·</em></strong></span> <span class='ocrx_word' id='word_1_183' title='bbox 830 3130 1024 3216; x_wconf 75' lang='grc' dir='ltr'><strong><em>ἀλαζονικὸς</em></strong></span> <span class='ocrx_word' id='word_1_184' title='bbox 1038 3138 1074 3203; x_wconf 74' lang='grc' dir='ltr'><strong><em>δὲ</em></strong></span> <span class='ocrx_word' id='word_1_185' title='bbox 1091 3133 1109 3204; x_wconf 84' lang='grc' dir='ltr'><strong>ὁ</strong></span> <span class='ocrx_word' id='word_1_186' title='bbox 1125 3136 1235 3225; x_wconf 89' lang='grc' dir='ltr'><strong><em>λόγος,</em></strong></span> 
     </span>
     <span class='ocr_line' id='line_1_28' title="bbox 122 3229 1235 3326; baseline 0.006 -26"><span class='ocrx_word' id='word_1_187' title='bbox 122 3229 308 3320; x_wconf 59' lang='lat' dir='ltr'><strong>ozidinsis</strong></span> <span class='ocrx_word' id='word_1_188' title='bbox 334 3237 414 3322; x_wconf 80' lang='grc' dir='ltr'><strong><em>ἐμῆς</em></strong></span> <span class='ocrx_word' id='word_1_189' title='bbox 436 3241 545 3321; x_wconf 67' lang='grc' dir='ltr'><strong><em>ψυχῆς</em></strong></span> <span class='ocrx_word' id='word_1_190' title='bbox 574 3232 677 3317; x_wconf 81' lang='grc' dir='ltr'><strong><em>ἀξιον.</em></strong></span> <span class='ocrx_word' id='word_1_191' title='bbox 719 3232 863 3322; x_wconf 88' lang='grc' dir='ltr'><strong><em>ἀμεινον</em></strong></span> <span class='ocrx_word' id='word_1_192' title='bbox 886 3239 979 3324; x_wconf 77' lang='grc' dir='ltr'><strong><em>ἐμοί</em></strong></span> <span class='ocrx_word' id='word_1_193' title='bbox 998 3239 1153 3326; x_wconf 89' lang='grc' dir='ltr'><strong><em>γράφειν.</em></strong></span> <span class='ocrx_word' id='word_1_194' title='bbox 1193 3243 1235 3308; x_wconf 93' lang='grc' dir='ltr'><strong><em>Α.</em></strong></span> 
     </span>
     <span class='ocr_line' id='line_1_29' title="bbox 120 3337 750 3429; baseline 0.006 -27"><span class='ocrx_word' id='word_1_195' title='bbox 120 3337 198 3404; x_wconf 81' lang='lat' dir='ltr'><strong>vid.</strong></span> <span class='ocrx_word' id='word_1_196' title='bbox 218 3338 430 3404; x_wconf 81' lang='lat' dir='ltr'><strong>Friodluond.</strong></span> <span class='ocrx_word' id='word_1_197' title='bbox 453 3340 599 3405; x_wconf 86' lang='lat' dir='ltr'><strong><em>Ariston.</em></strong></span> <span class='ocrx_word' id='word_1_198' title='bbox 623 3366 654 3429; x_wconf 90' lang='lat' dir='ltr'><strong>p.</strong></span> <span class='ocrx_word' id='word_1_199' title='bbox 680 3343 750 3406; x_wconf 88' lang='lat'><strong>163.</strong></span> 
     </span>
    </p>

    <p class='ocr_par' dir='ltr' id='par_1_16' title="bbox 205 3433 1088 3532">
     <span class='ocr_line' id='line_1_30' title="bbox 205 3433 1088 3532; baseline 0.006 -28"><span class='ocrx_word' id='word_1_200' title='bbox 205 3444 278 3505; x_wconf 89' lang='grc'><strong>416.</strong></span> <span class='ocrx_word' id='word_1_201' title='bbox 301 3433 427 3520; x_wconf 83' lang='grc' dir='ltr'><strong><em>άλλως·</em></strong></span> <span class='ocrx_word' id='word_1_202' title='bbox 451 3436 531 3509; x_wconf 77' lang='grc' dir='ltr'><strong><em>οὐδὲ</em></strong></span> <span class='ocrx_word' id='word_1_203' title='bbox 551 3440 642 3524; x_wconf 79' lang='grc' dir='ltr'><strong><em>παρά</em></strong></span> <span class='ocrx_word' id='word_1_204' title='bbox 664 3441 843 3532; x_wconf 77' lang='grc' dir='ltr'><strong><em>Ζηνοδύτφ</em></strong></span> <span class='ocrx_word' id='word_1_205' title='bbox 866 3445 1014 3529; x_wconf 82' lang='grc' dir='ltr'><strong><em>ἐφέρετο.</em></strong></span> <span class='ocrx_word' id='word_1_206' title='bbox 1047 3446 1088 3511; x_wconf 95' lang='lat' dir='ltr'><strong>A.</strong></span> 
     </span>
    </p>

    <p class='ocr_par' dir='ltr' id='par_1_17' title="bbox 120 3538 1235 3712">
     <span class='ocr_line' id='line_1_31' title="bbox 206 3538 1235 3629; baseline 0.006 -23"><span class='ocrx_word' id='word_1_207' title='bbox 206 3546 279 3607; x_wconf 92' lang='grc'><strong>446.</strong></span> <span class='ocrx_word' id='word_1_208' title='bbox 301 3538 499 3629; x_wconf 71' lang='grc' dir='ltr'><strong><em>ἡβώοντα</em></strong></span> <span class='ocrx_word' id='word_1_209' title='bbox 517 3543 625 3625; x_wconf 85' lang='grc' dir='ltr'><strong><em>οὕτως</em></strong></span> <span class='ocrx_word' id='word_1_210' title='bbox 646 3541 702 3612; x_wconf 84' lang='grc' dir='ltr'><strong><em>διά</em></strong></span> <span class='ocrx_word' id='word_1_211' title='bbox 723 3551 785 3611; x_wconf 87' lang='grc' dir='ltr'><strong><em>τού</em></strong></span> <span class='ocrx_word' id='word_1_212' title='bbox 807 3572 834 3612; x_wconf 84' lang='grc' dir='ltr'><strong><em>ω</em></strong></span> <span class='ocrx_word' id='word_1_213' title='bbox 855 3548 910 3612; x_wconf 81' lang='grc' dir='ltr'><strong><em>καί</em></strong></span> <span class='ocrx_word' id='word_1_214' title='bbox 925 3570 943 3611; x_wconf 96' lang='lat' dir='ltr'><strong>o</strong></span> <span class='ocrx_word' id='word_1_215' title='bbox 960 3549 997 3612; x_wconf 88' lang='grc' dir='ltr'><strong><em>αί</em></strong></span> <span class='ocrx_word' id='word_1_216' title='bbox 1009 3540 1235 3629; x_wconf 86' lang='grc' dir='ltr'><strong><em>Ἀριστάρχου.</em></strong></span> 
     </span>
     <span class='ocr_line' id='line_1_32' title="bbox 120 3644 554 3712; baseline 0.005 -2"><span class='ocrx_word' id='word_1_217' title='bbox 120 3647 161 3710; x_wconf 91' lang='lat' dir='ltr'><strong>A.</strong></span> <span class='ocrx_word' id='word_1_218' title='bbox 184 3644 315 3710; x_wconf 83' lang='lat' dir='ltr'><strong>Deinde</strong></span> <span class='ocrx_word' id='word_1_219' title='bbox 336 3646 554 3712; x_wconf 70' lang='lat' dir='ltr'><strong><em>Aristonicus.</em></strong></span> 
     </span>
    </p>

    <p class='ocr_par' dir='ltr' id='par_1_18' title="bbox 193 3741 963 3830">
     <span class='ocr_line' id='line_1_33' title="bbox 193 3741 963 3830; baseline 0 -20"><span class='ocrx_word' id='word_1_220' title='bbox 193 3750 278 3811; x_wconf 81' lang='grc'><strong>455.</strong></span> <span class='ocrx_word' id='word_1_221' title='bbox 300 3741 410 3825; x_wconf 78' lang='grc' dir='ltr'><strong><em>οὕτως</em></strong></span> <span class='ocrx_word' id='word_1_222' title='bbox 429 3744 486 3813; x_wconf 84' lang='grc' dir='ltr'><strong><em>διὰ</em></strong></span> <span class='ocrx_word' id='word_1_223' title='bbox 507 3751 569 3814; x_wconf 85' lang='grc' dir='ltr'><strong><em>τοῦ</em></strong></span> <span class='ocrx_word' id='word_1_224' title='bbox 590 3770 606 3811; x_wconf 91' lang='grc' dir='ltr'><strong><em>ε</em></strong></span> <span class='ocrx_word' id='word_1_225' title='bbox 628 3746 897 3830; x_wconf 83' lang='grc' dir='ltr'><strong><em>ἐφέσσεσθαι.</em></strong></span> <span class='ocrx_word' id='word_1_226' title='bbox 921 3747 963 3811; x_wconf 92' lang='lat' dir='ltr'><strong>A.</strong></span> 
     </span>
    </p>

    <p class='ocr_par' dir='ltr' id='par_1_19' title="bbox 119 3842 1238 4136">
     <span class='ocr_line' id='line_1_34' title="bbox 206 3842 1238 3934; baseline 0 -21"><span class='ocrx_word' id='word_1_227' title='bbox 206 3853 280 3914; x_wconf 91' lang='grc'><strong>464.</strong></span> <span class='ocrx_word' id='word_1_228' title='bbox 305 3845 528 3926; x_wconf 90' lang='grc' dir='ltr'><strong><em>Διονύσιοςὸ</em></strong></span> <span class='ocrx_word' id='word_1_229' title='bbox 552 3850 643 3934; x_wconf 79' lang='grc' dir='ltr'><strong><em>Θρᾷξ</em></strong></span> <span class='ocrx_word' id='word_1_230' title='bbox 672 3846 710 3911; x_wconf 78' lang='grc' dir='ltr'><strong><em>ἐν</em></strong></span> <span class='ocrx_word' id='word_1_231' title='bbox 735 3851 782 3934; x_wconf 75' lang='grc' dir='ltr'><strong><em>τῷ</em></strong></span> <span class='ocrx_word' id='word_1_232' title='bbox 811 3842 897 3930; x_wconf 78' lang='grc' dir='ltr'><strong><em>πρὸς</em></strong></span> <span class='ocrx_word' id='word_1_233' title='bbox 915 3845 1073 3929; x_wconf 82' lang='grc' dir='ltr'><strong><em>Κράτητα</em></strong></span> <span class='ocrx_word' id='word_1_234' title='bbox 1098 3846 1155 3912; x_wconf 83' lang='grc' dir='ltr'><strong><em>διά</em></strong></span> <span class='ocrx_word' id='word_1_235' title='bbox 1180 3852 1238 3933; x_wconf 80' lang='grc' dir='ltr'><strong><em>τῆς</em></strong></span> 
     </span>
     <span class='ocr_line' id='line_1_35' title="bbox 120 3942 1237 4036; baseline 0.004 -26"><span class='ocrx_word' id='word_1_236' title='bbox 120 3947 342 4036; x_wconf 80' lang='grc' dir='ltr'><strong><em>ίτικοδρομίας</em></strong></span> <span class='ocrx_word' id='word_1_237' title='bbox 366 3948 451 4036; x_wconf 76' lang='grc' dir='ltr'><strong><em>φησὶ</em></strong></span> <span class='ocrx_word' id='word_1_238' title='bbox 485 3947 720 4033; x_wconf 75' lang='grc' dir='ltr'><strong><em>γεγραμμένου</em></strong></span> <span class='ocrx_word' id='word_1_239' title='bbox 753 3942 1007 4023; x_wconf 85' lang='grc' dir='ltr'><strong><em>ἀντιόωντες</em></strong></span> <span class='ocrx_word' id='word_1_240' title='bbox 1034 3955 1237 4031; x_wconf 71' lang='grc' dir='ltr'><strong><em>μεταθεῖναι</em></strong></span> 
     </span>
     <span class='ocr_line' id='line_1_36' title="bbox 119 4042 803 4136; baseline 0.006 -25"><span class='ocrx_word' id='word_1_241' title='bbox 119 4042 180 4113; x_wconf 80' lang='grc' dir='ltr'><strong><em>τὸν</em></strong></span> <span class='ocrx_word' id='word_1_242' title='bbox 198 4045 413 4136; x_wconf 87' lang='grc' dir='ltr'><strong><em>Ἀρίσταρχον</em></strong></span> <span class='ocrx_word' id='word_1_243' title='bbox 430 4045 559 4136; x_wconf 80' lang='grc' dir='ltr'><strong><em>ἀμφίς</em></strong></span> <span class='ocrx_word' id='word_1_244' title='bbox 579 4045 733 4126; x_wconf 68' lang='grc' dir='ltr'><strong><em>ἐόντες.</em></strong></span> <span class='ocrx_word' id='word_1_245' title='bbox 749 4051 803 4115; x_wconf 71' lang='grc' dir='ltr'><strong><em>Α.</em></strong></span> 
     </span>
    </p>

    <p class='ocr_par' dir='ltr' id='par_1_20' title="bbox 115 4146 1238 4444">
     <span class='ocr_line' id='line_1_37' title="bbox 202 4146 1238 4238; baseline 0.002 -21"><span class='ocrx_word' id='word_1_246' title='bbox 202 4155 274 4219; x_wconf 91' lang='grc'><strong>472.</strong></span> <span class='ocrx_word' id='word_1_247' title='bbox 300 4149 369 4220; x_wconf 78' lang='grc' dir='ltr'><strong><em>ὑπ’</em></strong></span> <span class='ocrx_word' id='word_1_248' title='bbox 392 4148 592 4238; x_wconf 75' lang='grc' dir='ltr'><strong><em>αἰθούσῃ·</em></strong></span> <span class='ocrx_word' id='word_1_249' title='bbox 626 4146 682 4217; x_wconf 87' lang='grc' dir='ltr'><strong><em>διά</em></strong></span> <span class='ocrx_word' id='word_1_250' title='bbox 707 4155 766 4237; x_wconf 82' lang='grc' dir='ltr'><strong><em>τῆς</em></strong></span> <span class='ocrx_word' id='word_1_251' title='bbox 798 4150 841 4217; x_wconf 81' lang='grc' dir='ltr'><strong><em>ἐν</em></strong></span> <span class='ocrx_word' id='word_1_252' title='bbox 868 4153 1063 4236; x_wconf 76' lang='grc' dir='ltr'><strong><em>προθέσεως</em></strong></span> <span class='ocrx_word' id='word_1_253' title='bbox 1101 4151 1145 4218; x_wconf 77' lang='grc' dir='ltr'><strong><em>ἐν</em></strong></span> <span class='ocrx_word' id='word_1_254' title='bbox 1171 4155 1238 4219; x_wconf 88' lang='grc' dir='ltr'><strong><em>αί-</em></strong></span> 
     </span>
     <span class='ocr_line' id='line_1_38' title="bbox 115 4249 1236 4342; baseline 0.005 -26"><span class='ocrx_word' id='word_1_255' title='bbox 115 4249 255 4340; x_wconf 74' lang='grc' dir='ltr'><strong><em>δούσῃ</em></strong></span> <span class='ocrx_word' id='word_1_256' title='bbox 282 4257 319 4321; x_wconf 91' lang='grc' dir='ltr'><strong><em>αί</em></strong></span> <span class='ocrx_word' id='word_1_257' title='bbox 339 4252 571 4337; x_wconf 86' lang='grc' dir='ltr'><strong><em>Ἀριστάρχου·</em></strong></span> <span class='ocrx_word' id='word_1_258' title='bbox 605 4250 746 4342; x_wconf 80' lang='grc' dir='ltr'><strong><em>συνᾴδει</em></strong></span> <span class='ocrx_word' id='word_1_259' title='bbox 775 4251 830 4320; x_wconf 78' lang='grc' dir='ltr'><strong><em>καί</em></strong></span> <span class='ocrx_word' id='word_1_260' title='bbox 856 4250 894 4321; x_wconf 83' lang='grc' dir='ltr'><strong><em>τὸ</em></strong></span> <span class='ocrx_word' id='word_1_261' title='bbox 918 4252 991 4339; x_wconf 80' lang='grc' dir='ltr'><strong><em>ἑξῆς</em></strong></span> <span class='ocrx_word' id='word_1_262' title='bbox 1013 4249 1107 4322; x_wconf 66' lang='grc' dir='ltr'><strong><em>εἀλλο</em></strong></span> <span class='ocrx_word' id='word_1_263' title='bbox 1128 4249 1162 4321; x_wconf 80' lang='grc' dir='ltr'><strong><em>δ’</em></strong></span> <span class='ocrx_word' id='word_1_264' title='bbox 1185 4255 1236 4322; x_wconf 77' lang='grc' dir='ltr'><strong><em>ἐνὶ</em></strong></span> 
     </span>
     <span class='ocr_line' id='line_1_39' title="bbox 116 4353 377 4444; baseline 0.011 -26"><span class='ocrx_word' id='word_1_265' title='bbox 116 4353 300 4444; x_wconf 60' lang='grc' dir='ltr'><strong><em>τροδύμρῖ.</em></strong></span> <span class='ocrx_word' id='word_1_266' title='bbox 334 4358 377 4423; x_wconf 92' lang='grc' dir='ltr'><strong><em>Α.</em></strong></span> 
     </span>
    </p>
   </div>
   <div class='ocr_carea' id='block_1_3' title="bbox 0 0 1478 5024">
    <p class='ocr_par' dir='ltr' id='par_1_21' title="bbox 0 0 1478 5024">
     <span class='ocr_line' id='line_1_40' title="bbox 0 0 1478 5024; baseline 0 1"><span class='ocrx_word' id='word_1_267' title='bbox 0 0 1478 5024; x_wconf 95' lang='lat' dir='ltr'><strong><em> </em></strong></span> 
     </span>
    </p>
   </div>
  </div>
 </body>
</html>
