2962 5024
587 453 774 528 ...ζ-

215 622 286 685 346.
320 617 552 700 στέρνοισι·
575 619 675 700 διχιός
694 620 731 684 αί
747 613 996 702 Ἀριστάρχειαι.
1017 620 1056 684 Ρ.
1076 620 1118 684 Η.
1141 620 1239 685 Exci-

130 723 248 788 derunt
272 718 374 785 verba
394 719 450 784 καὶ
474 721 626 803 στέρνοιο
654 722 708 786 καὶ
737 724 920 804 στέρνοισι,
952 743 1077 807 quasa
1094 722 1240 810 Didymo

130 824 171 886 de
196 843 286 888 more
308 820 420 886 addita
439 842 512 885 csse
533 820 703 907 probabile
725 831 784 886 cst.

212 926 283 988 393.
317 922 353 987 iv
381 926 420 1008 τη
439 918 701 1007 Ἀριστοφάνους
731 922 785 988 καὶ
801 917 933 989 Ῥιανοῦ
953 923 1021 988 ἐπὶ
1043 924 1251 1009 κύματος.Ι

128 1024 220 1089 Harl.
694 1089 698 1095 .

211 1129 282 1192 422.
322 1120 531 1209 Ἀρίσταρχος
564 1123 687 1210 γράφει
721 1126 785 1190 είν
813 1118 879 1190 ἁλὶ
905 1120 974 1192 άτε
1005 1129 1153 1195 πολλά.
1193 1130 1237 1194 Η.

128 1230 229 1294 Recte
249 1229 371 1293 Buttm.
393 1218 447 1291 οἷα
466 1250 510 1292 τε.
544 1227 628 1292 Nam
648 1227 685 1289 Ρ.
705 1226 745 1307 Q.
773 1229 953 1293 Aristonici
975 1229 1238 1297 observationem

127 1331 302 1395 continent.

209 1437 281 1498 431.
324 1425 631 1511 ἐπεσσύμενον·
676 1422 824 1507 δἸξίων
855 1424 1157 1516 ἀπεσσύμενον.
1191 1433 1235 1498 Η.

207 1536 279 1598 458.
313 1534 494 1616 ἔμπνυτο
522 1524 578 1594 διά
601 1533 662 1594 τοῦ
684 1553 709 1594 ε.
745 1532 838 1596 Harl.
874 1533 1038 1620 Didymus
1062 1536 1238 1623 scripserat

126 1629 233 1711 οὕτως
254 1629 310 1698 διά
332 1636 393 1696 τοῦ
417 1653 432 1694 ε
453 1624 672 1713 Ἀρίσταρχος.
697 1632 748 1695 Of.
771 1632 890 1697 ‘schot
912 1633 952 1697 Il.
972 1636 1005 1698 X
1027 1640 1121 1699 4752
1141 1635 1234 1701 Pors.

213 1738 284 1798 459.
307 1727 498 1814 Ζηνόδοτος
515 1724 590 1794 άπό
609 1729 670 1814 ἕο,
687 1727 707 1815 ἡ
725 1729 823 1819 κοινὴ
836 1728 911 1800 άπὸ
926 1734 1035 1801 ἕθεν.
1058 1737 1129 1807 Psl.
1141 1736 1236 1802 Harl.
1355 1742 1359 1749 '

87 1865 91 1871 ·
213 1836 286 1900 477.
310 1832 343 1910 ἐξ
365 1827 494 1916 ὁμόθεν
517 1837 754 1916 πεφυῶτας·
777 1836 814 1900 ἐν
829 1847 898 1913 τοῖς
912 1830 1151 1922 ὑπομνήμασιν
1165 1863 1236 1922 γε·

123 1939 296 2020 γαιότας.
318 1935 411 2000 Harl.

205 2041 278 2102 499.
302 2031 417 2103 αὔοι·
440 2031 459 2101 ό
479 2032 583 2115 Ἰξίων
604 2032 691 2124 αὕη.
715 2037 784 2102 Pal.
802 2037 896 2104 Harl.

668 2209 788 2283 t.

212 2347 239 2405 1.
262 2336 465 2406 κάθευδε·
500 2337 689 2421 Ζηνόδοτος
707 2335 922 2404 ἐκάθευδε.
944 2340 1030 2426 (cod.
1052 2343 1233 2407 καθεῦδεν.

126 2428 209 2505 ουἰι.
232 2441 410 2505 Ducnttcr.
430 2440 553 2503 Zenod.
576 2463 607 2526 p.
630 2441 680 2519 60,
702 2438 837 2503 390011.
859 2442 986 2524 7402.)

206 2547 235 2606 2.
270 2533 386 2607 εἷσεν
417 2539 460 2605 δὲ
489 2542 656 2625 Σχερίη·
701 2540 769 2616 ἔξεο
788 2542 850 2603 τοῦ
877 2561 898 2602 ν
930 2541 967 2604 αί
985 2535 1234 2631 Ἀριστάρχειοι,

124 2638 185 2727 οὐχ
208 2638 253 2721 ὥς
277 2665 366 2720 τινες
387 2642 429 2706 ἐν
451 2643 614 2728 Σχερίη.
638 2639 675 2703 Ρ.
698 2638 740 2702 Η.
761 2639 815 2727 (Ε.
840 2639 896 2726 Q.)

209 2748 257 2808 10.
278 2746 408 2809 θεόν·
427 2737 554 2819 Ῥιανός
571 2748 700 2817 θεοῖς.
723 2739 816 2804 Harl.

208 2849 258 2910 29.
278 2847 526 2927 Καλλίστρατος
545 2838 582 2907 δὲ
603 2840 740 2925 χάρις,
763 2834 838 2905 άντί
858 2843 920 2905 τοῦ
933 2839 1027 2924 χαρά.
1050 2843 1235 2925 μεταποιῆ-

124 2964 179 3012 σαι
201 2947 241 3012 δέ
259 2963 342 3032 φησι
364 2940 425 3012 τόν
444 2941 690 3028 Ἀριστοφάνην
713 2939 845 3027 φάτις.
872 2943 910 3008 P.
930 2943 973 3007 Η.
1008 2943 1158 3008 Nauckic
1178 2952 1235 3009 aut

123 3050 272 3113 vitiatum
290 3056 347 3112 aut
367 3047 621 3112 commentitium
644 3045 774 3110 videtur
793 3067 826 3132 p.
844 3047 902 3127 39,
925 3044 1012 3131 quod
1031 3067 1082 3110 me
1104 3047 1235 3110 nonin·

122 3150 278 3236 tellcgcre
301 3148 416 3214 fateor.

205 3256 256 3316 44.
280 3257 424 3333 αίθρη·
443 3243 570 3326 Ῥιανός
592 3243 731 3330 αἰθήρ.
755 3246 793 3309 Ρ.
814 3246 856 3310 Η.

182 3357 256 3438 46.
278 3355 329 3441 τῷ
351 3353 430 3417 ἔνι·
449 3345 576 3427 Ῥιανός
593 3352 640 3436 τῇ
663 3349 742 3432 ἔνι,
763 3343 849 3433 πρός
866 3344 928 3432 την
950 3351 1081 3430 αἴγλην.
1104 3346 1141 3410 Ρ.
1164 3345 1207 3408 Η.

206 3458 257 3518 57.
275 3448 403 3530 Ῥιανός
426 3453 720 3536 ἐφοπλίσειαν,
751 3451 787 3515 οί
806 3451 915 3535 δμῶες
933 3445 1098 3530 δηλονότι.
1131 3446 1174 3509 Η.
1197 3447 1234 3509 Ρ.

207 3558 257 3618 74.
285 3548 528 3636 Ἀριστοφάνης
560 3553 695 3634 φέρον
733 3547 857 3634 γράφει
890 3548 945 3614 καὶ
978 3548 1235 3629 κατέθηκαν,

123 3653 158 3717 οί
182 3655 300 3736 δμῶες.
329 3653 372 3716 H.
395 3652 432 3714 P.
471 3651 609 3739 Scripsit
633 3654 734 3736 igitur
762 3647 894 3734 κούρηι.
939 3649 1108 3713 Nauckius
1134 3671 1167 3734 p.
1195 3650 1260 3710 39*

124 3747 245 3836 κοῦραι
266 3754 442 3837 genuinam
463 3752 567 3817 fuisse
588 3752 761 3818 lectionem
783 3752 976 3838 suspicatur.

210 3857 260 3919 89.
281 3853 505 3918 Herodianum
525 3853 665 3939 sapiunt.

211 3961 280 4022 106.
299 3955 531 4038 Μεγακλείδης
552 3949 787 4038 άγρόμεναι
803 3954 1031 4030 παίζουσιν
1048 3944 1121 4024 άνά
1138 3953 1236 4033 δρία

124 4053 423 4125 παιπαλόεντα.
446 4056 489 4120 Η.
508 4057 546 4121 Ρ.

212 4162 280 4225 108.
312 4154 403 4242 ῥεῖά
422 4181 482 4222 τε·
512 4154 621 4235 οὕτως
640 4153 697 4239 διὰ
719 4157 781 4220 τοῦ
802 4153 840 4218 τέ
868 4153 905 4217 αί
922 4146 1158 4235 Ἀριστάρχειοι
1180 4147 1235 4215 καὶ

123 4255 245 4342 σχεδόν
264 4263 376 4326 πάσαι.
400 4260 437 4324 Ρ.
460 4259 505 4325 Η.
696 4259 709 4269 ”

207 4364 276 4424 131.
299 4361 434 4427 Variam
456 4361 628 4426 lectionem
650 4384 716 4427 non
735 4361 897 4446 propinat.
963 4443 1026 4515 13*
