2962 5018
242 457 304 519 258

771 620 822 682 53.

328 725 399 787 831..
438 715 507 798 τὰς
537 719 1081 804 ἐνδιαεριαυερινηχέτους·
1104 761 1145 770 -
1168 723 1362 804 Δίδυμος

242 821 280 887 δὲ
300 818 506 908 πεπλάνηται
531 823 640 906 λέγων
664 816 919 905 άνερινηχέτους
943 824 1040 909 (Rav.
1065 817 1208 909 αὐερι-).
1228 817 1271 886 οὐ
1292 818 1359 906 γάρ

243 925 401 1006 λέγουσιν
423 919 526 1010 ἀνέρα
547 924 607 1012 (id.
631 918 751 1011 αόίρα)
775 912 881 988 οὖτοι.

771 1081 822 1140 54.

328 1200 389 1261 929
411 1197 514 1282 (931).
547 1195 589 1260 οί
612 1190 851 1278 καθήμενοι
881 1186 960 1257 ὑπὸ
989 1197 1065 1259 τοῦ
1093 1194 1231 1270 δέους·
1254 1232 1296 1242 —
1317 1191 1356 1258 τὸ

242 1295 307 1380 γάρ
335 1293 372 1363 dt
397 1292 616 1380 ὀδυρομένων
643 1295 733 1361 ἐστὶν
755 1295 949 1378 ἐπίφθεγμα
971 1295 1026 1359 καλ
1051 1292 1364 1379 δυσχεραινόντων.

242 1399 432 1480 Δίδυμος
454 1394 491 1462 δὲ
514 1399 551 1462 ἐν
571 1398 710 1465 ἐκτάσει.
734 1399 769 1462 οί
787 1394 851 1480 γὰρ
874 1391 1084 1480 φοβούμενοι
1107 1395 1170 1481 (ολ)
1191 1391 1281 1462 οὕτω
1299 1397 1356 1461 λί-

241 1515 373 1579 γουσιυ.

767 1587 819 1647 δᾶ

330 1703 421 1765 1253.
445 1706 660 1785 συρμαίαν
680 1712 866 1785 μετρεῖν·
890 1701 922 1765 οί
940 1696 1003 1786 μὲν
1025 1696 1157 1778 ἀξιοῦσι
1171 1701 1277 1782 χνλόυ
1292 1704 1342 1785 βο

242 1801 345 1886 τάνης
367 1797 452 1867 εἶναι
475 1798 537 1886 τὴν
559 1805 738 1886 συρμαίαν,
761 1791 943 1889 ᾖχρτόνται
958 1799 1139 1884 Αἰγύπτιοι
1156 1796 1241 1882 πρός
1257 1798 1356 1887 διάρ-

241 1903 350 1988 δοιαυ,
370 1901 458 1980 τινες
478 1901 515 1967 δὲ
538 1898 598 1966 τόν
615 1901 803 1987 ’λεγόμενον
825 1900 945 1987 ζυθόν,
968 1897 1014 1980 ὡς
1035 1905 1094 1968 καί
1112 1919 1195 1987 φησι
1216 1910 1250 1967 Δ
1256 1906 1271 1966 ί
1277 1903 1298 1966 δ
1305 1927 1356 1968 υ-

241 2028 322 2088 μος.
358 2000 477 2080 άλλως.
514 2006 693 2087 φαίνονται
713 2009 773 2069 τοῦ
795 2009 902 2087 χυλοῠ
924 2008 982 2088 τῆς
1003 2007 1169 2089 συρμαίας
1187 2009 1300 2069 πίνειν
1322 2006 1360 2070 οί

242 2100 423 2186 Αίγύπτιον
455 2100 540 2186 πρός
560 2102 745 2195 διάρροιαν.
792 2100 837 2182 ὡς
855 2109 1057 2190 Δίδυμος,
1089 2101 1211 2190 ἁλμαία
1232 2105 1269 2170 ίκ
1291 2107 1356 2191 ῥα-

241 2205 396 2287 φανίδων
417 2202 630 2290 Αἰγυπτιακὴ
653 2202 738 2289 πρός
760 2204 930 2290 κάθαρσιν
952 2206 1148 2294 ἐπιτήδειος.

767 2365 818 2426 5ό

325 2476 406 2562 Lys.
427 2479 487 2541 313
524 2482 604 2542 τῶν
638 2477 680 2542 ἐν
708 2477 831 2565 Σάμῳ
865 2482 1127 2563 στρατηγῶν·
1161 2479 1356 2562 Δίδυμος

241 2574 296 2641 καὶ
321 2573 493 2663 Κάρτερός
522 2596 605 2662 φασι
635 2583 740 2644 ταῦτα
773 2582 979 2646 αἰνίττεσθαι
1009 2582 1055 2657 είς
1085 2577 1259 2662 Φρύνιχον
1291 2578 1355 2645 τόν

241 2681 492 2760 Στρατωνίδου.
514 2681 786 2764 ίκακοηθεόσατο
810 2676 873 2764 γάρ
892 2676 977 2763 πρός
994 2676 1055 2745 τὸν
1069 2682 1178 2765 δῆμον
1194 2681 1230 2744 ἐν
1245 2681 1355 2770 Σάμῳ

242 2785 453 2865 στρατηγῶν,
484 2776 570 2846 όίστε
599 2783 784 2867 ἐψηφίσατο
807 2775 881 2845 κατ’
911 2775 1019 2846 αὐτοῦ
1039 2776 1058 2847 ὁ
1081 2783 1185 2865 δῆμος
1207 2780 1354 2865 δημόσια

241 2875 327 2944 εἶναι
348 2877 389 2946 τά
404 2885 577 2965 Φρυνίχου
596 2884 745 2968 χρήματα
767 2883 898 2964 καὶτῆς
919 2885 1007 2946 θεοῦ
1028 2878 1065 2947 τό
1089 2883 1230 2948 δέκατον
1251 2884 1355 2967 μέρος

241 2977 296 3044 καί
326 2979 388 3065 τὴν
414 2985 524 3048 οίκίαν
551 2984 783 3069 κατεσκάφθαι
805 2979 932 3067 αὐτοῦ,
968 2981 1023 3048 καλ
1044 2977 1128 3048 ἄλλα
1150 2980 1256 3049 πολλὰ
1275 2980 1352 3048 κατ’

241 3073 348 3144 αὐτοῦ
375 3083 522 3164 ἔγραψεν
547 3087 583 3150 ἐν
604 3084 709 3172 στήλη
731 3089 845 3172 χαλκῇ.
891 3083 945 3150 καὶ
969 3085 1007 3149 ἐν
1028 3082 1213 3168 Βατράχοις
1235 3086 1352 3170 (689)·

240 3185 297 3244 κεί
314 3205 364 3258 τις
384 3177 509 3266 ἥμαρτε
530 3192 668 3269 σφαλείς
690 3213 720 3253 τι
743 3190 915 3271 Φρυνίχου
937 3191 1172 3272 παλαίσμασιν.

765 3347 816 3406 57.

324 3454 408 3519 Ach.
436 3461 514 3522 1089
537 3463 650 3546 (1075)
680 3461 717 3524 ἐν
741 3464 799 3547 μία
821 3454 927 3545 ἡμέρα
954 3453 1094 3542 ἄγονται
1116 3457 1202 3520 οἵτε
1222 3453 1353 3537 Χύτροι

240 3552 295 3618 καὶ
317 3556 352 3620 οί
366 3553 452 3634 Χόες
472 3559 509 3624 ἐν
523 3555 693 3645 Ἀθήναις,
713 3561 751 3625 ἐν
774 3550 801 3648 ᾦ
822 3565 891 3627 πᾶν
909 3563 1041 3644 σπέρμα
1063 3561 1109 3636 είς
1124 3554 1252 3642 χύτραν
1268 3554 1354 3640 ἑψή-

240 3672 358 3735 σαντες
390 3657 518 3725 θόουσι
548 3662 643 3751 μόνῳ
665 3667 711 3751 τῷ
738 3659 900 3750 Διονύσῳ
927 3663 982 3727 καλ
1000 3656 1113 3746 Ἐρμῇ.
1160 3653 1249 3723 οὕτω
1272 3663 1354 3722 Δί-

239 3759 380 3841 δυμος
819 3836 823 3841 ,

764 3851 815 3913 58.

327 3965 417 4026 1100.
463 3970 590 4043 θρῖον
621 3970 837 4051 ταρίχους·
867 4004 909 4016 —-
940 3963 1113 4049 σκεόασμα
1137 3963 1177 4028 δέ
1203 3987 1235 4027 τι
1262 3958 1355 4043 παρὰ

237 4052 426 4143 Ἀθηναίοις
448 4062 485 4128 τό
507 4072 620 4151 θρίου,
643 4062 727 4152 ὅπερ
743 4063 904 4151 λαμβάνει
922 4062 1016 4132 ὕειον
1038 4068 1137 4148 στέαρ
1159 4058 1179 4148 ἢ
1200 4065 1354 4146 ἐρίφειον

239 4160 294 4224 καὶ
318 4165 493 4245 σεμίδαλιν
520 4168 575 4233 καὶ
603 4168 705 4253 γάλα,
742 4167 796 4234 καὶ
818 4168 855 4234 τδ
884 4171 1067 4246 λεκιθώδες
1088 4171 1151 4233 τοῦ
1171 4161 1243 4254 ᾠοῦ
1267 4160 1354 4246 πρὸς

238 4261 275 4325 τό
299 4263 506 4346 πήγνυσθαι.
549 4270 604 4332 καλ
631 4265 739 4346 οὕτως
767 4273 812 4346 είς
834 4267 947 4352 φύλλα
970 4274 1075 4353 συκῆς
1097 4264 1352 4353 ἐμβαλλόμενον

237 4353 377 4442 ἥδιστον
398 4360 557 4431 ἀποτελεῖ
573 4372 700 4452 βρῶμα.
725 4365 815 4434 οὕτω
837 4373 1035 4455 Δίδυμος.
