2948 5024
232 400 292 461 156
688 437 730 447 -
773 404 803 464 0
843 441 886 452 -

315 570 366 633 82.
408 563 517 647 οὕτως
535 564 744 652 Ἀρίσταρχος
773 565 862 637 ἔνθ’
886 577 979 656 είην
1014 570 1096 656 μετά
1125 578 1187 639 τοῦ
1216 599 1254 660 ν,
1289 574 1345 640 καὶ

128 664 134 676 ’
230 665 286 735 διά
310 674 380 735 τῶν
402 667 466 735 δύο
490 696 511 753 η
532 667 791 756 μενοινήῃσί
807 695 852 737 τε.
873 675 915 739 A.

316 777 367 838 86.
388 772 518 854 Quaere
540 795 571 858 p.
598 776 668 836 115.

314 880 365 939 94.
388 873 570 940 ἐκείνου·
590 869 800 961 Ἀρίσταρχος
823 879 965 941 κείνου
984 873 1103 954 Ὶακῶς.
1126 882 1168 943 Α.

319 983 387 1042 194.
420 971 495 1042 κατ’
520 979 592 1041 ἔνια
614 980 682 1042 τῶν
702 971 954 1062 ὑπομνημάτων
984 973 1264 1061 άφρονέοντα.
1300 980 1342 1045 A.

317 1083 387 1144 114.
417 1074 526 1156 οὕτως
548 1079 602 1143 καί
626 1074 645 1162 ἡ
666 1073 883 1163 Ἀριστάρχου
902 1079 956 1145 καὶ
979 1084 1082 1145 πᾶσαι
1105 1082 1201 1158 ἔτεος
1220 1076 1271 1164 ηύ
1279 1084 1342 1165 δα,

229 1177 271 1247 ού
295 1177 529 1266 προσηύδα.
552 1183 594 1245 Α.

316 1287 385 1349 123.
428 1279 484 1348 διὰ
511 1286 572 1348 τοῦ
599 1279 714 1365 ἑτέρον
743 1282 764 1346 δ
792 1282 828 1346 αί
845 1279 1070 1368 Ἀριστάρχου.
1101 1286 1144 1351 A.
1178 1288 1343 1371 (περιδ-

230 1387 430 1471 δείσασα.)
617 1456 619 1459 ,

314 1491 384 1552 134.
430 1479 450 1570 ἡ
470 1479 743 1568 Ἀριστοφάνειος
769 1484 902 1549 καιιόν
922 1487 1024 1569 μέγα
1044 1492 1160 1574 πᾶσι,
1189 1487 1342 1573 Ζηνόδο-

229 1614 284 1668 τος
306 1587 343 1654 ‹11
365 1596 484 1666 δεοίς
505 1586 612 1672 μέγα
634 1590 756 1671 ττῆμα.
778 1587 819 1652 A.

314 1695 384 1757 139.
408 1693 483 1756 τού
505 1712 566 1772 χε·
587 1683 777 1774 Ζηνόδοτος
798 1688 853 1754 καὶ
869 1684 1112 1775 Ἀριστοφάνης
1130 1697 1201 1758 τοῦ
1224 1694 1244 1757 δ
1252 1695 1277 1759 ε’.
1298 1698 1340 1760 A.

316 1799 386 1859 147.
410 1798 439 1859 8.
464 1791 519 1858 καί
537 1785 777 1875 Ἀριστοφάνης
799 1791 988 1874 ττροηθέτει.
1009 1794 1050 1859 A.

312 1898 396 1977 [162.
417 1892 601 1979 Ἀμμώνιος
622 1893 659 1955 εί
679 1892 700 1955 δ
707 1891 724 1954 ί
740 1915 830 1975 μου.
852 1893 906 1975 V.]

316 2000 385 2060 179.
406 1997 661 2078 πολεμίζων·
685 1990 875 2077 Ζηνόδοτος
896 1993 951 2061 διά
972 2001 1035 2061 τοῦ
1058 2002 1083 2077 ζ.
1106 2003 1148 2065 Α.
1176 2001 1270 2089 [Ν]

314 2102 383 2163 187.
409 2092 517 2175 οὕτως
538 2091 751 2181 Ἀρίσταρχος
772 2093 828 2162 διά
852 2101 921 2162 τοῖν
943 2098 1006 2163 δύο
1031 2126 1061 2166 ιι.
1087 2105 1128 2168 A.

311 2206 380 2266 197.
413 2194 624 2283 Ἀρίσταρχος
654 2198 873 2283 βέλτερον,
908 2202 943 2265 οί
969 2201 1009 2267 δέ
1029 2201 1227 2286 είκαιότεροι
1255 2201 1339 2287 γρά-

227 2322 333 2389 φουσι
352 2304 542 2388 κέρδιον,
558 2296 801 2387 Ἀριστοφάνης
824 2298 1010 2369 κάλλιον.
1031 2307 1073 2370 A.

306 2410 379 2472 207.
404 2408 464 2470 είδ
472 2429 509 2490 η
534 2401 724 2489 Ζηνόδοτος
745 2400 801 2468 διὰ
824 2408 887 2469 τοῦ
910 2428 933 2470 π
957 2411 1064 2494 είττη.
1087 2408 1129 2472 A.

311 2513 382 2573 211.
403 2501 614 2592 Ἀρίσταρχος
635 2507 710 2591 μίν
733 2529 793 2591 γε,
814 2501 910 2572 ἄλλοι
934 2506 971 2572 δὲ
991 2507 1064 2592 μέν
1086 2531 1139 2572 κε.
1163 2509 1203 2572 A.

308 2614 487 2676 231-235,
507 2648 550 2659 -
571 2610 626 2674 καί
648 2605 736 2694 παρά
751 2602 983 2692 Ἀριστοφάνει
1003 2604 1202 2691 ἦθετούντο.
1226 2611 1267 2674 A.

310 2716 383 2779 232.
406 2706 502 2796 ὄφρ’
526 2707 592 2776 άν·
613 2705 826 2796 Ἀρίσταρχος
849 2706 969 2794 τόφρ’
993 2704 1042 2777 άν
1063 2707 1145 2796 μετά
1167 2716 1272 2777 τοῦτ.
1295 2715 1337 2778 Α.

308 2819 380 2880 249.
415 2810 522 2891 οὕτως
540 2809 752 2898 Ἀρίσταρχος
775 2809 831 2878 διά
852 2817 914 2879 τοῦ
936 2837 951 2879 ε
974 2814 1240 2899 ἐσαγείρετο,
1272 2837 1338 2879 ιτα-

225 2920 419 3001 ρατατιιιῶς.
443 2911 538 2982 ἄλλοι
560 2914 598 2982 δὲ
617 2916 865 3000 ἐσαγείρατο
887 2912 943 2982 διά
963 2921 1025 2981 τοῦ
1045 2942 1076 2982 α.
1100 2918 1140 2981 Α.

310 3021 382 3083 252.
413 3012 617 3095 ὄψεσθαι·
647 3008 859 3103 Ἀρίσταρχος
879 3020 1061 3097 ἵξεσθαι.
1081 3020 1135 3084 καὶ
1158 3014 1223 3084 ούκ
1245 3020 1337 3084 ἔστιν

225 3116 341 3203 ὄνοις
362 3112 383 3202 ἡ
403 3117 528 3204 ιοαοή·
551 3122 593 3185 A.

310 3223 382 3285 272.
421 3218 665 3286 ἐσσεύοντο·
697 3217 908 3306 Ἀρίσταρχος
938 3218 1171 3287 ἐσσεύαντο
1200 3218 1256 3287 διά
1275 3225 1337 3286 τοῦ

225 3346 257 3406 α,
279 3321 333 3387 καί
354 3316 490 3387 ἄττασαι.
513 3323 555 3386 A.

312 3421 396 3511 [277.
423 3421 613 3515 Ζηνόδοτος
635 3420 756 3509 γράφει
780 3427 900 3503 τείως
921 3424 961 3490 V.
975 3425 1004 3513 1]

307 3530 379 3591 301.
403 3525 594 3610 Ζηνόδοτος
616 3525 671 3590 καὶ
691 3520 934 3610 Ἀριστοφάνης
959 3535 987 3592 Α
995 3531 1113 3592 ίαντε
1136 3527 1269 3603 δυίκοίς.
1292 3528 1334 3591 A.

306 3631 379 3693 307.
408 3624 560 3714 (βιβάς
588 3621 798 3712 Ἀρίσταρχος
820 3632 961 3712 βιβῶν.
995 3631 1037 3693 A.
1082 3628 1176 3710 Quae
1198 3650 1241 3692 ex
1262 3628 1336 3691 Ari-

225 3733 349 3796 stonico
366 3731 515 3796 breviata
526 3732 715 3796 Duentzero
730 3731 853 3795 Zenod.
867 3755 899 3817 p.
912 3737 941 3813 4,
958 3736 994 3794 17
1014 3730 1190 3812 videntur.)
1210 3724 1335 3804 ἄλλως·

224 3835 328 3917 βιβαῖ
335 3856 355 3895 ν
378 3835 480 3898 πᾶσαι
503 3828 610 3918 εἶχον,
632 3830 822 3917 Ζηνόδοτος
841 3835 961 3916 βοῶν.
981 3831 1051 3896 ἐπεὶ
1073 3828 1127 3894 καὶ
1144 3828 1217 3913 ἑξῆς
1231 3847 1337 3914 φησιν

225 3932 299 3997 *ἐπὶ
321 3927 354 3998 δ’
380 3930 482 4013 αύτός
504 3929 588 4000 άύσε
607 3931 696 4018 μάλα
717 3933 819 4019 μέχα’
846 3935 949 4020 (321).
969 3935 1010 3997 A.

310 4039 382 4100 395.
406 4038 445 4100 ἔν
467 4053 555 4102 τισιν
577 4031 790 4119 ἀκέσματ’·
812 4031 921 4111 οὕτως
936 4032 972 4099 δὲ
988 4032 1044 4098 καὶ
1053 4028 1273 4116 Ἀρίσταρχος.
1294 4032 1335 4097 A.

310 4141 382 4203 398.
406 4137 515 4215 οὕτως
534 4132 745 4222 Ἀρίσταρχος
766 4139 865 4214 ἒτιος
887 4131 1005 4220 ηύδα.
1026 4137 1068 4200 A.

306 4243 379 4302 417.
411 4232 619 4321 Ἀρίρταρχος
651 4236 751 4322 χωρίς
779 4242 841 4302 τού
868 4254 890 4302 σ
915 4234 1039 4320 γράφει
1068 4241 1167 4321 νῆα,
1201 4247 1338 4319 προεῖπε

226 4333 288 4420 γάρ
312 4333 376 4402 ’τό
400 4335 438 4404 δὲ
460 4337 537 4421 περὶ
557 4342 635 4421 μιᾶς
652 4334 733 4420 νηὸς
756 4340 834 4423 ἔχον
854 4335 993 4405 πόνον’.
1026 4338 1068 4403 A.
