<?xml version="1.0" encoding="UTF-8"?>
<!DOCTYPE html PUBLIC "-//W3C//DTD XHTML 1.0 Transitional//EN"
    "http://www.w3.org/TR/xhtml1/DTD/xhtml1-transitional.dtd">
<html xmlns="http://www.w3.org/1999/xhtml" xml:lang="en" lang="en">
 <head>
  <title>
</title>
<meta http-equiv="Content-Type" content="text/html;charset=utf-8" />
  <meta name='ocr-system' content='tesseract 3.04.00' />
  <meta name='ocr-capabilities' content='ocr_page ocr_carea ocr_par ocr_line ocrx_word'/>
</head>
<body>
  <div class='ocr_page' id='page_1' title='image "./didymichalcente00schmgoog_0355.png"; bbox 0 0 2932 5002; ppageno 0'>
   <div class='ocr_carea' id='block_1_1' title="bbox 254 393 316 455">
    <p class='ocr_par' dir='ltr' id='par_1_1' title="bbox 254 393 316 455">
     <span class='ocr_line' id='line_1_1' title="bbox 254 393 316 455; baseline -0.032 0"><span class='ocrx_word' id='word_1_1' title='bbox 254 393 316 455; x_wconf 87' lang='grc'><strong>336</strong></span> 
     </span>
    </p>
   </div>
   <div class='ocr_carea' id='block_1_2' title="bbox 250 548 1380 1350">
    <p class='ocr_par' dir='ltr' id='par_1_2' title="bbox 252 548 1380 742">
     <span class='ocr_line' id='line_1_2' title="bbox 255 548 1380 641; baseline 0 -18"><span class='ocrx_word' id='word_1_2' title='bbox 255 552 340 623; x_wconf 73' lang='grc' dir='ltr'><strong><em>ἄλλα</em></strong></span> <span class='ocrx_word' id='word_1_3' title='bbox 368 558 507 619; x_wconf 79' lang='grc' dir='ltr'><strong><em>πλεῖστα</em></strong></span> <span class='ocrx_word' id='word_1_4' title='bbox 536 552 591 618; x_wconf 78' lang='grc' dir='ltr'><strong>καί</strong></span> <span class='ocrx_word' id='word_1_5' title='bbox 615 548 746 636; x_wconf 79' lang='grc' dir='ltr'><strong><em>ἄριστα.</em></strong></span> <span class='ocrx_word' id='word_1_6' title='bbox 791 552 932 640; x_wconf 84' lang='lat' dir='ltr'><strong>Scripsit</strong></span> <span class='ocrx_word' id='word_1_7' title='bbox 954 556 1055 641; x_wconf 84' lang='lat' dir='ltr'><strong>igitur</strong></span> <span class='ocrx_word' id='word_1_8' title='bbox 1077 566 1189 623; x_wconf 86' lang='lat' dir='ltr'><strong>noster</strong></span> <span class='ocrx_word' id='word_1_9' title='bbox 1210 558 1290 641; x_wconf 80' lang='grc' dir='ltr'><strong><em>περὶ</em></strong></span> <span class='ocrx_word' id='word_1_10' title='bbox 1314 551 1380 640; x_wconf 84' lang='grc' dir='ltr'><strong>ὄρ·</strong></span> 
     </span>
     <span class='ocr_line' id='line_1_3' title="bbox 252 659 455 742; baseline -0.025 -18"><span class='ocrx_word' id='word_1_11' title='bbox 252 659 455 742; x_wconf 80' lang='grc' dir='ltr'><strong><em>θογραφίας.</em></strong></span> 
     </span>
    </p>

    <p class='ocr_par' dir='ltr' id='par_1_3' title="bbox 250 756 1376 1350">
     <span class='ocr_line' id='line_1_4' title="bbox 337 756 1376 847; baseline 0.003 -25"><span class='ocrx_word' id='word_1_12' title='bbox 337 757 448 822; x_wconf 88' lang='lat' dir='ltr'><strong>Habet</strong></span> <span class='ocrx_word' id='word_1_13' title='bbox 478 756 609 843; x_wconf 90' lang='lat' dir='ltr'><strong>quidem</strong></span> <span class='ocrx_word' id='word_1_14' title='bbox 640 756 738 819; x_wconf 91' lang='lat' dir='ltr'><strong>etiam</strong></span> <span class='ocrx_word' id='word_1_15' title='bbox 765 756 863 822; x_wconf 90' lang='lat' dir='ltr'><strong>lectio</strong></span> <span class='ocrx_word' id='word_1_16' title='bbox 891 758 968 839; x_wconf 75' lang='lat' dir='ltr'><strong>napi</strong></span> <span class='ocrx_word' id='word_1_17' title='bbox 997 763 1210 844; x_wconf 76' lang='grc' dir='ltr'><em>γεωγραφίας</em></span> <span class='ocrx_word' id='word_1_18' title='bbox 1239 782 1306 847; x_wconf 91' lang='lat' dir='ltr'><strong>quo</strong></span> <span class='ocrx_word' id='word_1_19' title='bbox 1336 783 1376 825; x_wconf 90' lang='lat' dir='ltr'><strong>se</strong></span> 
     </span>
     <span class='ocr_line' id='line_1_5' title="bbox 252 857 1375 948; baseline 0 -22"><span class='ocrx_word' id='word_1_20' title='bbox 252 862 377 926; x_wconf 88' lang='lat' dir='ltr'><strong>muniat</strong></span> <span class='ocrx_word' id='word_1_21' title='bbox 401 867 498 945; x_wconf 89' lang='lat' dir='ltr'><strong>atque</strong></span> <span class='ocrx_word' id='word_1_22' title='bbox 527 857 733 922; x_wconf 87' lang='lat' dir='ltr'><strong>commendet</strong></span> <span class='ocrx_word' id='word_1_23' title='bbox 761 879 789 922; x_wconf 89' lang='lat' dir='ltr'><strong>e.</strong></span> <span class='ocrx_word' id='word_1_24' title='bbox 813 881 845 944; x_wconf 89' lang='lat' dir='ltr'><strong>g.</strong></span> <span class='ocrx_word' id='word_1_25' title='bbox 867 858 979 945; x_wconf 88' lang='lat' dir='ltr'><strong>Steph.</strong></span> <span class='ocrx_word' id='word_1_26' title='bbox 1002 860 1085 948; x_wconf 82' lang='lat' dir='ltr'><strong>Bya.</strong></span> <span class='ocrx_word' id='word_1_27' title='bbox 1117 862 1176 944; x_wconf 88' lang='grc'><strong>32,</strong></span> <span class='ocrx_word' id='word_1_28' title='bbox 1204 865 1242 925; x_wconf 89' lang='grc'><strong>17</strong></span> <span class='ocrx_word' id='word_1_29' title='bbox 1262 861 1375 928; x_wconf 87' lang='lat' dir='ltr'><strong>West.</strong></span> 
     </span>
     <span class='ocr_line' id='line_1_6' title="bbox 253 956 1374 1045; baseline -0.002 -15"><span class='ocrx_word' id='word_1_30' title='bbox 253 965 405 1045; x_wconf 81' lang='grc' dir='ltr'><strong><em>Δίδυμος</em></strong></span> <span class='ocrx_word' id='word_1_31' title='bbox 428 958 464 1023; x_wconf 75' lang='grc' dir='ltr'><strong>δὲ</strong></span> <span class='ocrx_word' id='word_1_32' title='bbox 486 961 705 1040; x_wconf 76' lang='grc' dir='ltr'><strong><em>παρατίθεται</em></strong></span> <span class='ocrx_word' id='word_1_33' title='bbox 727 962 848 1043; x_wconf 82' lang='grc' dir='ltr'><strong><em>χρῆσιν</em></strong></span> <span class='ocrx_word' id='word_1_34' title='bbox 876 960 910 1038; x_wconf 81' lang='grc' dir='ltr'><strong>ἐξ</strong></span> <span class='ocrx_word' id='word_1_35' title='bbox 929 956 1193 1045; x_wconf 72' lang='grc' dir='ltr'><strong><em>Ἐρατοσθένους</em></strong></span> <span class='ocrx_word' id='word_1_36' title='bbox 1215 959 1252 1027; x_wconf 89' lang='grc' dir='ltr'><strong>τό</strong></span> <span class='ocrx_word' id='word_1_37' title='bbox 1274 957 1374 1028; x_wconf 76' lang='grc' dir='ltr'><strong>Ἀλε-</strong></span> 
     </span>
     <span class='ocr_line' id='line_1_7' title="bbox 252 1060 1371 1148; baseline 0.001 -20"><span class='ocrx_word' id='word_1_38' title='bbox 252 1064 426 1146; x_wconf 80' lang='grc' dir='ltr'><strong><em>ξαοδρίτης</em></strong></span> <span class='ocrx_word' id='word_1_39' title='bbox 456 1060 548 1147; x_wconf 87' lang='lat' dir='ltr'><strong>(vide</strong></span> <span class='ocrx_word' id='word_1_40' title='bbox 569 1068 739 1146; x_wconf 87' lang='lat' dir='ltr'><strong>praeterea</strong></span> <span class='ocrx_word' id='word_1_41' title='bbox 767 1082 851 1146; x_wconf 90' lang='lat' dir='ltr'><strong>quae</strong></span> <span class='ocrx_word' id='word_1_42' title='bbox 874 1062 962 1126; x_wconf 89' lang='lat' dir='ltr'><strong>infra</strong></span> <span class='ocrx_word' id='word_1_43' title='bbox 985 1062 1105 1128; x_wconf 88' lang='lat' dir='ltr'><strong>dicturi</strong></span> <span class='ocrx_word' id='word_1_44' title='bbox 1135 1065 1277 1148; x_wconf 90' lang='lat' dir='ltr'><strong>sumus),</strong></span> <span class='ocrx_word' id='word_1_45' title='bbox 1307 1065 1371 1129; x_wconf 87' lang='lat' dir='ltr'><strong>sed</strong></span> 
     </span>
     <span class='ocr_line' id='line_1_8' title="bbox 250 1160 1372 1255; baseline 0 -25"><span class='ocrx_word' id='word_1_46' title='bbox 250 1169 390 1255; x_wconf 91' lang='lat' dir='ltr'><strong>primum</strong></span> <span class='ocrx_word' id='word_1_47' title='bbox 413 1162 562 1226; x_wconf 82' lang='lat' dir='ltr'><strong>tenuiora</strong></span> <span class='ocrx_word' id='word_1_48' title='bbox 584 1168 659 1224; x_wconf 92' lang='lat' dir='ltr'><strong>sunt</strong></span> <span class='ocrx_word' id='word_1_49' title='bbox 682 1160 862 1226; x_wconf 88' lang='lat' dir='ltr'><strong>studiorum</strong></span> <span class='ocrx_word' id='word_1_50' title='bbox 877 1163 1014 1251; x_wconf 91' lang='lat' dir='ltr'><strong>Didymi</strong></span> <span class='ocrx_word' id='word_1_51' title='bbox 1029 1167 1064 1229; x_wconf 93' lang='lat' dir='ltr'><strong>in</strong></span> <span class='ocrx_word' id='word_1_52' title='bbox 1086 1166 1290 1252; x_wconf 81' lang='lat' dir='ltr'><strong>geographia</strong></span> <span class='ocrx_word' id='word_1_53' title='bbox 1310 1187 1372 1252; x_wconf 90' lang='lat' dir='ltr'><strong>po-</strong></span> 
     </span>
     <span class='ocr_line' id='line_1_9' title="bbox 251 1263 1372 1350; baseline -0.001 -18"><span class='ocrx_word' id='word_1_54' title='bbox 251 1270 387 1332; x_wconf 86' lang='lat' dir='ltr'><strong>sitorum</strong></span> <span class='ocrx_word' id='word_1_55' title='bbox 418 1264 575 1349; x_wconf 89' lang='lat' dir='ltr'><strong>vestigia,</strong></span> <span class='ocrx_word' id='word_1_56' title='bbox 605 1283 702 1350; x_wconf 86' lang='lat' dir='ltr'><strong>quam</strong></span> <span class='ocrx_word' id='word_1_57' title='bbox 728 1273 765 1328; x_wconf 87' lang='lat' dir='ltr'><strong>ut</strong></span> <span class='ocrx_word' id='word_1_58' title='bbox 786 1265 927 1331; x_wconf 89' lang='lat' dir='ltr'><strong>Parisini</strong></span> <span class='ocrx_word' id='word_1_59' title='bbox 957 1263 1080 1331; x_wconf 86' lang='lat' dir='ltr'><strong>codicis</strong></span> <span class='ocrx_word' id='word_1_60' title='bbox 1101 1266 1273 1332; x_wconf 89' lang='lat' dir='ltr'><strong>lectionem</strong></span> <span class='ocrx_word' id='word_1_61' title='bbox 1296 1268 1372 1331; x_wconf 85' lang='lat' dir='ltr'><strong>vul-</strong></span> 
     </span>
    </p>
   </div>
   <div class='ocr_carea' id='block_1_3' title="bbox 132 1364 1370 1453">
    <p class='ocr_par' dir='ltr' id='par_1_4' title="bbox 132 1364 1370 1453">
     <span class='ocr_line' id='line_1_10' title="bbox 132 1364 1370 1453; baseline 0 -21"><span class='ocrx_word' id='word_1_62' title='bbox 132 1370 140 1378; x_wconf 86' lang='lat'>&#39;</span> <span class='ocrx_word' id='word_1_63' title='bbox 249 1376 346 1453; x_wconf 88' lang='lat' dir='ltr'><strong>gatae</strong></span> <span class='ocrx_word' id='word_1_64' title='bbox 367 1364 534 1453; x_wconf 85' lang='lat' dir='ltr'><strong>praeferre</strong></span> <span class='ocrx_word' id='word_1_65' title='bbox 557 1365 673 1428; x_wconf 87' lang='lat' dir='ltr'><strong>ausim.</strong></span> <span class='ocrx_word' id='word_1_66' title='bbox 717 1364 848 1430; x_wconf 89' lang='lat' dir='ltr'><strong>Deinde</strong></span> <span class='ocrx_word' id='word_1_67' title='bbox 870 1365 967 1431; x_wconf 90' lang='lat' dir='ltr'><strong>lectio</strong></span> <span class='ocrx_word' id='word_1_68' title='bbox 990 1371 1202 1453; x_wconf 80' lang='grc' dir='ltr'><strong><em>γεωγραφίας</em></strong></span> <span class='ocrx_word' id='word_1_69' title='bbox 1223 1369 1370 1433; x_wconf 82' lang='lat' dir='ltr'><strong>fortasse</strong></span> 
     </span>
    </p>
   </div>
   <div class='ocr_carea' id='block_1_4' title="bbox 154 1458 1368 4091">
    <p class='ocr_par' dir='ltr' id='par_1_5' title="bbox 154 1458 1368 3088">
     <span class='ocr_line' id='line_1_11' title="bbox 249 1458 1368 1558; baseline 0 -25"><span class='ocrx_word' id='word_1_70' title='bbox 249 1478 328 1533; x_wconf 88' lang='lat' dir='ltr'><strong>nata</strong></span> <span class='ocrx_word' id='word_1_71' title='bbox 350 1489 393 1533; x_wconf 87' lang='lat' dir='ltr'><strong>cx</strong></span> <span class='ocrx_word' id='word_1_72' title='bbox 414 1468 594 1551; x_wconf 79' lang='grc' dir='ltr'><strong><em>γεωργίας,</em></strong></span> <span class='ocrx_word' id='word_1_73' title='bbox 617 1474 653 1531; x_wconf 93' lang='lat' dir='ltr'><strong>ut</strong></span> <span class='ocrx_word' id='word_1_74' title='bbox 677 1471 720 1530; x_wconf 83' lang='lat' dir='ltr'><strong>A.</strong></span> <span class='ocrx_word' id='word_1_75' title='bbox 743 1458 761 1529; x_wconf 89' lang='grc' dir='ltr'><strong><em>ὁ</em></strong></span> <span class='ocrx_word' id='word_1_76' title='bbox 785 1465 860 1544; x_wconf 78' lang='grc' dir='ltr'><strong><em>νέος</em></strong></span> <span class='ocrx_word' id='word_1_77' title='bbox 883 1469 927 1532; x_wconf 91' lang='lat' dir='ltr'><strong>sit</strong></span> <span class='ocrx_word' id='word_1_78' title='bbox 945 1468 1191 1535; x_wconf 85' lang='lat' dir='ltr'><strong>Alexandrinus</strong></span> <span class='ocrx_word' id='word_1_79' title='bbox 1213 1470 1285 1553; x_wconf 89' lang='lat' dir='ltr'><strong>ille,</strong></span> <span class='ocrx_word' id='word_1_80' title='bbox 1307 1473 1368 1558; x_wconf 88' lang='lat' dir='ltr'><strong>qui</strong></span> 
     </span>
     <span class='ocr_line' id='line_1_12' title="bbox 249 1566 1367 1659; baseline 0.001 -25"><span class='ocrx_word' id='word_1_81' title='bbox 249 1569 433 1634; x_wconf 75' lang='lat' dir='ltr'><strong>sexcenties</strong></span> <span class='ocrx_word' id='word_1_82' title='bbox 466 1566 619 1631; x_wconf 88' lang='lat' dir='ltr'><strong>laudatur</strong></span> <span class='ocrx_word' id='word_1_83' title='bbox 651 1569 686 1631; x_wconf 90' lang='lat' dir='ltr'><strong>in</strong></span> <span class='ocrx_word' id='word_1_84' title='bbox 709 1567 918 1654; x_wconf 85' lang='lat' dir='ltr'><strong>Geoponiois.</strong></span> <span class='ocrx_word' id='word_1_85' title='bbox 969 1570 1164 1653; x_wconf 87' lang='lat' dir='ltr'><strong>Auctorum,</strong></span> <span class='ocrx_word' id='word_1_86' title='bbox 1199 1573 1255 1659; x_wconf 91' lang='lat' dir='ltr'><strong>qui</strong></span> <span class='ocrx_word' id='word_1_87' title='bbox 1285 1570 1367 1653; x_wconf 78' lang='grc' dir='ltr'><strong><em>περὶ</em></strong></span> 
     </span>
     <span class='ocr_line' id='line_1_13' title="bbox 249 1668 1368 1757; baseline -0.004 -19"><span class='ocrx_word' id='word_1_88' title='bbox 249 1668 484 1757; x_wconf 74' lang='grc' dir='ltr'><strong><em>ὀρθογραφίας</em></strong></span> <span class='ocrx_word' id='word_1_89' title='bbox 498 1668 598 1734; x_wconf 85' lang='lat' dir='ltr'><strong>libros</strong></span> <span class='ocrx_word' id='word_1_90' title='bbox 610 1691 686 1734; x_wconf 90' lang='lat' dir='ltr'><strong>suos</strong></span> <span class='ocrx_word' id='word_1_91' title='bbox 709 1670 961 1757; x_wconf 89' lang='lat' dir='ltr'><strong>inscripserunt,</strong></span> <span class='ocrx_word' id='word_1_92' title='bbox 984 1673 1148 1738; x_wconf 87' lang='lat' dir='ltr'><strong>Arthurus</strong></span> <span class='ocrx_word' id='word_1_93' title='bbox 1170 1673 1211 1737; x_wconf 87' lang='lat' dir='ltr'><strong>de</strong></span> <span class='ocrx_word' id='word_1_94' title='bbox 1237 1672 1368 1736; x_wconf 88' lang='lat' dir='ltr'><strong>Velsen</strong></span> 
     </span>
     <span class='ocr_line' id='line_1_14' title="bbox 247 1770 1367 1860; baseline -0.004 -21"><span class='ocrx_word' id='word_1_95' title='bbox 247 1778 282 1839; x_wconf 91' lang='lat' dir='ltr'><strong>in</strong></span> <span class='ocrx_word' id='word_1_96' title='bbox 311 1772 479 1860; x_wconf 85' lang='lat' dir='ltr'><strong>Tryphon.</strong></span> <span class='ocrx_word' id='word_1_97' title='bbox 521 1771 562 1835; x_wconf 82' lang='lat' dir='ltr'><strong>fr.</strong></span> <span class='ocrx_word' id='word_1_98' title='bbox 596 1770 724 1836; x_wconf 86' lang='lat' dir='ltr'><strong>collect.</strong></span> <span class='ocrx_word' id='word_1_99' title='bbox 753 1793 785 1857; x_wconf 93' lang='lat' dir='ltr'><strong>p.</strong></span> <span class='ocrx_word' id='word_1_100' title='bbox 821 1776 862 1836; x_wconf 80' lang='lat'><strong>56</strong></span> <span class='ocrx_word' id='word_1_101' title='bbox 891 1795 940 1859; x_wconf 90' lang='lat' dir='ltr'><strong>sq.</strong></span> <span class='ocrx_word' id='word_1_102' title='bbox 973 1796 1144 1838; x_wconf 80' lang='lat' dir='ltr'><strong>recensum</strong></span> <span class='ocrx_word' id='word_1_103' title='bbox 1167 1772 1318 1855; x_wconf 84' lang='lat' dir='ltr'><strong>exhibet,</strong></span> <span class='ocrx_word' id='word_1_104' title='bbox 1347 1795 1367 1835; x_wconf 90' lang='lat' dir='ltr'><strong>e</strong></span> 
     </span>
     <span class='ocr_line' id='line_1_15' title="bbox 247 1865 1366 1963; baseline -0.003 -23"><span class='ocrx_word' id='word_1_105' title='bbox 247 1876 366 1963; x_wconf 92' lang='lat' dir='ltr'><strong>quibus</strong></span> <span class='ocrx_word' id='word_1_106' title='bbox 383 1882 527 1937; x_wconf 86' lang='lat' dir='ltr'><strong>nostrum</strong></span> <span class='ocrx_word' id='word_1_107' title='bbox 537 1921 546 1955; x_wconf 94' lang='lat'><strong>,</strong></span> <span class='ocrx_word' id='word_1_108' title='bbox 566 1895 663 1959; x_wconf 90' lang='lat' dir='ltr'><strong>quem</strong></span> <span class='ocrx_word' id='word_1_109' title='bbox 677 1875 982 1939; x_wconf 86' lang='lat' dir='ltr'><strong>commemoratione</strong></span> <span class='ocrx_word' id='word_1_110' title='bbox 997 1875 1132 1960; x_wconf 89' lang='lat' dir='ltr'><strong>dignum</strong></span> <span class='ocrx_word' id='word_1_111' title='bbox 1151 1865 1216 1939; x_wconf 89' lang='lat' dir='ltr'><strong>non</strong></span> <span class='ocrx_word' id='word_1_112' title='bbox 1235 1873 1366 1956; x_wconf 86' lang='lat' dir='ltr'><strong>habuit,</strong></span> 
     </span>
     <span class='ocr_line' id='line_1_16' title="bbox 247 1974 1363 2041; baseline -0.002 -1"><span class='ocrx_word' id='word_1_113' title='bbox 247 1985 353 2040; x_wconf 86' lang='lat' dir='ltr'><strong>aetate</strong></span> <span class='ocrx_word' id='word_1_114' title='bbox 381 1974 523 2037; x_wconf 86' lang='lat' dir='ltr'><strong>fortasse</strong></span> <span class='ocrx_word' id='word_1_115' title='bbox 551 1975 727 2039; x_wconf 84' lang='lat' dir='ltr'><strong>antecessit</strong></span> <span class='ocrx_word' id='word_1_116' title='bbox 758 1996 842 2038; x_wconf 90' lang='lat' dir='ltr'><strong>unus</strong></span> <span class='ocrx_word' id='word_1_117' title='bbox 874 1975 1009 2040; x_wconf 86' lang='lat' dir='ltr'><strong>Draco</strong></span> <span class='ocrx_word' id='word_1_118' title='bbox 1033 1976 1363 2041; x_wconf 89' lang='lat' dir='ltr'><strong>Stratonicenus</strong></span> 
     </span>
     <span class='ocr_line' id='line_1_17' title="bbox 247 2075 1364 2165; baseline -0.001 -24"><span class='ocrx_word' id='word_1_119' title='bbox 247 2077 352 2165; x_wconf 81' lang='lat' dir='ltr'><strong>(Suid.</strong></span> <span class='ocrx_word' id='word_1_120' title='bbox 373 2075 390 2138; x_wconf 93' lang='lat'><em>1</em></span> <span class='ocrx_word' id='word_1_121' title='bbox 416 2079 429 2138; x_wconf 88' lang='lat'>1</span> <span class='ocrx_word' id='word_1_122' title='bbox 454 2086 486 2160; x_wconf 76' lang='lat' dir='ltr'><strong>p&#39;.</strong></span> <span class='ocrx_word' id='word_1_123' title='bbox 508 2077 614 2161; x_wconf 86' lang='grc'><strong>1456),</strong></span> <span class='ocrx_word' id='word_1_124' title='bbox 638 2075 708 2139; x_wconf 89' lang='lat' dir='ltr'><strong>fere</strong></span> <span class='ocrx_word' id='word_1_125' title='bbox 730 2077 839 2160; x_wconf 88' lang='lat' dir='ltr'><strong>attigit</strong></span> <span class='ocrx_word' id='word_1_126' title='bbox 860 2075 1073 2163; x_wconf 81' lang='lat' dir='ltr'><strong>Tyrannio</strong></span> <span class='ocrx_word' id='word_1_127' title='bbox 1089 2078 1224 2164; x_wconf 60' lang='lat' dir='ltr'><strong>(Soio),</strong></span> <span class='ocrx_word' id='word_1_128' title='bbox 1240 2077 1364 2164; x_wconf 71' lang='lat' dir='ltr'><strong>reliqui</strong></span> 
     </span>
     <span class='ocr_line' id='line_1_18' title="bbox 245 2175 1363 2267; baseline -0.001 -24"><span class='ocrx_word' id='word_1_129' title='bbox 245 2186 459 2266; x_wconf 87' lang='lat' dir='ltr'><strong>exceperunt,</strong></span> <span class='ocrx_word' id='word_1_130' title='bbox 490 2175 653 2265; x_wconf 84' lang='lat' dir='ltr'><strong>Trypho</strong></span> <span class='ocrx_word' id='word_1_131' title='bbox 676 2175 767 2242; x_wconf 88' lang='lat' dir='ltr'><strong>Suid.</strong></span> <span class='ocrx_word' id='word_1_132' title='bbox 792 2179 900 2242; x_wconf 82' lang='lat' dir='ltr'><strong>Crem.</strong></span> <span class='ocrx_word' id='word_1_133' title='bbox 926 2201 979 2243; x_wconf 89' lang='lat' dir='ltr'><strong>an.</strong></span> <span class='ocrx_word' id='word_1_134' title='bbox 1005 2178 1093 2245; x_wconf 85' lang='lat' dir='ltr'><strong>Oxx.</strong></span> <span class='ocrx_word' id='word_1_135' title='bbox 1120 2179 1154 2243; x_wconf 88' lang='grc' dir='ltr'><strong>ΙΙ</strong></span> <span class='ocrx_word' id='word_1_136' title='bbox 1179 2203 1211 2267; x_wconf 93' lang='lat' dir='ltr'><strong>p.</strong></span> <span class='ocrx_word' id='word_1_137' title='bbox 1238 2182 1295 2261; x_wconf 91' lang='grc'><strong>72,</strong></span> <span class='ocrx_word' id='word_1_138' title='bbox 1323 2185 1363 2242; x_wconf 86' lang='grc'><strong>111</strong></span> 
     </span>
     <span class='ocr_line' id='line_1_19' title="bbox 244 2277 1361 2374; baseline -0.002 -29"><span class='ocrx_word' id='word_1_139' title='bbox 244 2280 361 2345; x_wconf 87' lang='lat' dir='ltr'><strong>Lehrs.</strong></span> <span class='ocrx_word' id='word_1_140' title='bbox 398 2280 501 2345; x_wconf 90' lang='lat' dir='ltr'><strong>Arist.</strong></span> <span class='ocrx_word' id='word_1_141' title='bbox 535 2302 566 2366; x_wconf 91' lang='lat' dir='ltr'><strong>p.</strong></span> <span class='ocrx_word' id='word_1_142' title='bbox 599 2281 657 2342; x_wconf 89' lang='grc'><strong>341</strong></span> <span class='ocrx_word' id='word_1_143' title='bbox 686 2277 793 2344; x_wconf 91' lang='lat' dir='ltr'><strong>Orus</strong></span> <span class='ocrx_word' id='word_1_144' title='bbox 821 2280 1014 2346; x_wconf 87' lang='lat' dir='ltr'><strong>Milesius</strong></span> <span class='ocrx_word' id='word_1_145' title='bbox 1042 2284 1195 2368; x_wconf 86' lang='lat' dir='ltr'><strong>pertinax</strong></span> <span class='ocrx_word' id='word_1_146' title='bbox 1217 2281 1361 2374; x_wconf 73' lang='lat' dir='ltr'><strong>Didymi</strong></span> 
     </span>
     <span class='ocr_line' id='line_1_20' title="bbox 244 2380 1361 2470; baseline -0.002 -22"><span class='ocrx_word' id='word_1_147' title='bbox 244 2383 467 2464; x_wconf 86' lang='lat' dir='ltr'><strong>adversarius,</strong></span> <span class='ocrx_word' id='word_1_148' title='bbox 492 2401 556 2468; x_wconf 91' lang='lat' dir='ltr'><strong>quo</strong></span> <span class='ocrx_word' id='word_1_149' title='bbox 587 2381 628 2445; x_wconf 87' lang='lat' dir='ltr'><strong>de</strong></span> <span class='ocrx_word' id='word_1_150' title='bbox 656 2380 699 2444; x_wconf 88' lang='lat' dir='ltr'><strong>cf.</strong></span> <span class='ocrx_word' id='word_1_151' title='bbox 723 2380 880 2446; x_wconf 89' lang='lat' dir='ltr'><strong>Ritschel.</strong></span> <span class='ocrx_word' id='word_1_152' title='bbox 904 2406 936 2469; x_wconf 88' lang='lat' dir='ltr'><strong>p.</strong></span> <span class='ocrx_word' id='word_1_153' title='bbox 960 2386 1001 2447; x_wconf 88' lang='lat'><strong>36</strong></span> <span class='ocrx_word' id='word_1_154' title='bbox 1024 2392 1056 2447; x_wconf 89' lang='lat' dir='ltr'><strong>ct</strong></span> <span class='ocrx_word' id='word_1_155' title='bbox 1077 2386 1117 2447; x_wconf 96' lang='grc'><strong>44</strong></span> <span class='ocrx_word' id='word_1_156' title='bbox 1137 2404 1208 2470; x_wconf 85' lang='lat' dir='ltr'><strong>sqq.</strong></span> <span class='ocrx_word' id='word_1_157' title='bbox 1232 2381 1361 2469; x_wconf 91' lang='lat' dir='ltr'><strong>Apol·</strong></span> 
     </span>
     <span class='ocr_line' id='line_1_21' title="bbox 244 2481 1361 2573; baseline -0.004 -24"><span class='ocrx_word' id='word_1_158' title='bbox 244 2485 379 2550; x_wconf 88' lang='lat' dir='ltr'><strong>ionius</strong></span> <span class='ocrx_word' id='word_1_159' title='bbox 402 2481 615 2571; x_wconf 85' lang='lat' dir='ltr'><strong>Dyscolus</strong></span> <span class='ocrx_word' id='word_1_160' title='bbox 639 2481 695 2568; x_wconf 92' lang='lat' dir='ltr'><strong>(de</strong></span> <span class='ocrx_word' id='word_1_161' title='bbox 717 2491 837 2547; x_wconf 87' lang='lat' dir='ltr'><strong>constr.</strong></span> <span class='ocrx_word' id='word_1_162' title='bbox 861 2505 907 2547; x_wconf 92' lang='lat' dir='ltr'><strong>or.</strong></span> <span class='ocrx_word' id='word_1_163' title='bbox 929 2483 983 2547; x_wconf 92' lang='lat' dir='ltr'><strong>III</strong></span> <span class='ocrx_word' id='word_1_164' title='bbox 1002 2509 1034 2573; x_wconf 92' lang='lat' dir='ltr'><strong>p.</strong></span> <span class='ocrx_word' id='word_1_165' title='bbox 1055 2484 1131 2572; x_wconf 84' lang='lat'>270)</span> <span class='ocrx_word' id='word_1_166' title='bbox 1154 2483 1361 2547; x_wconf 89' lang='lat' dir='ltr'><strong>Herodia-</strong></span> 
     </span>
     <span class='ocr_line' id='line_1_22' title="bbox 242 2582 1359 2672; baseline -0.003 -21"><span class='ocrx_word' id='word_1_167' title='bbox 242 2610 315 2652; x_wconf 88' lang='lat' dir='ltr'><strong>nus</strong></span> <span class='ocrx_word' id='word_1_168' title='bbox 340 2597 382 2652; x_wconf 90' lang='lat' dir='ltr'><strong>et.</strong></span> <span class='ocrx_word' id='word_1_169' title='bbox 401 2609 445 2650; x_wconf 90' lang='lat' dir='ltr'><strong>m.</strong></span> <span class='ocrx_word' id='word_1_170' title='bbox 468 2587 549 2667; x_wconf 88' lang='grc'><strong>292,</strong></span> <span class='ocrx_word' id='word_1_171' title='bbox 574 2588 614 2649; x_wconf 83' lang='grc'><strong>56</strong></span> <span class='ocrx_word' id='word_1_172' title='bbox 636 2606 670 2648; x_wconf 85' lang='grc' dir='ltr'><strong>τι.</strong></span> <span class='ocrx_word' id='word_1_173' title='bbox 693 2607 768 2668; x_wconf 83' lang='grc' dir='ltr'><strong><em>μον.</em></strong></span> <span class='ocrx_word' id='word_1_174' title='bbox 791 2586 856 2662; x_wconf 63' lang='lat' dir='ltr'><strong>tei.</strong></span> <span class='ocrx_word' id='word_1_175' title='bbox 881 2587 932 2650; x_wconf 88' lang='grc'><strong>23.</strong></span> <span class='ocrx_word' id='word_1_176' title='bbox 956 2588 1086 2672; x_wconf 71' lang='grc' dir='ltr'><strong>25ερ.</strong></span> <span class='ocrx_word' id='word_1_177' title='bbox 1113 2589 1153 2650; x_wconf 81' lang='grc'><strong>79</strong></span> <span class='ocrx_word' id='word_1_178' title='bbox 1175 2585 1215 2649; x_wconf 91' lang='lat' dir='ltr'><strong>L.</strong></span> <span class='ocrx_word' id='word_1_179' title='bbox 1238 2582 1359 2648; x_wconf 86' lang='lat' dir='ltr'><strong>Lehrs.</strong></span> 
     </span>
     <span class='ocr_line' id='line_1_23' title="bbox 242 2685 1357 2775; baseline -0.004 -22"><span class='ocrx_word' id='word_1_180' title='bbox 242 2688 341 2754; x_wconf 90' lang='lat' dir='ltr'><strong>anall.</strong></span> <span class='ocrx_word' id='word_1_181' title='bbox 368 2709 504 2775; x_wconf 85' lang='lat' dir='ltr'><strong>gramm.</strong></span> <span class='ocrx_word' id='word_1_182' title='bbox 544 2709 576 2773; x_wconf 92' lang='lat' dir='ltr'><strong>p.</strong></span> <span class='ocrx_word' id='word_1_183' title='bbox 614 2687 676 2750; x_wconf 80' lang='lat'><strong>418</strong></span> <span class='ocrx_word' id='word_1_184' title='bbox 706 2685 1020 2752; x_wconf 80' lang='lat' dir='ltr'><strong>Ohoeroboscus</strong></span> <span class='ocrx_word' id='word_1_185' title='bbox 1060 2686 1227 2752; x_wconf 80' lang='lat' dir='ltr'><strong>Charax</strong></span> <span class='ocrx_word' id='word_1_186' title='bbox 1266 2685 1357 2772; x_wconf 77' lang='lat' dir='ltr'><strong>(cod.</strong></span> 
     </span>
     <span class='ocr_line' id='line_1_24' title="bbox 241 2786 1357 2874; baseline -0.004 -19"><span class='ocrx_word' id='word_1_187' title='bbox 241 2791 377 2856; x_wconf 92' lang='lat' dir='ltr'><strong>Taurin.</strong></span> <span class='ocrx_word' id='word_1_188' title='bbox 405 2787 547 2855; x_wconf 78' lang='lat' dir='ltr'>CCLXI</span> <span class='ocrx_word' id='word_1_189' title='bbox 573 2786 629 2852; x_wconf 90' lang='lat' dir='ltr'><strong>fol.</strong></span> <span class='ocrx_word' id='word_1_190' title='bbox 653 2792 693 2850; x_wconf 85' lang='grc'><strong>74</strong></span> <span class='ocrx_word' id='word_1_191' title='bbox 722 2796 805 2852; x_wconf 89' lang='lat' dir='ltr'><strong>teste</strong></span> <span class='ocrx_word' id='word_1_192' title='bbox 827 2787 978 2872; x_wconf 87' lang='lat' dir='ltr'><strong>Peyrone</strong></span> <span class='ocrx_word' id='word_1_193' title='bbox 1001 2788 1043 2852; x_wconf 86' lang='lat' dir='ltr'><strong>ad</strong></span> <span class='ocrx_word' id='word_1_194' title='bbox 1066 2797 1108 2852; x_wconf 91' lang='lat' dir='ltr'><strong>et.</strong></span> <span class='ocrx_word' id='word_1_195' title='bbox 1131 2811 1174 2852; x_wconf 92' lang='lat' dir='ltr'><strong>m.</strong></span> <span class='ocrx_word' id='word_1_196' title='bbox 1197 2809 1229 2874; x_wconf 92' lang='lat' dir='ltr'><strong>p.</strong></span> <span class='ocrx_word' id='word_1_197' title='bbox 1256 2787 1357 2866; x_wconf 88' lang='grc'><strong>1069)</strong></span> 
     </span>
     <span class='ocr_line' id='line_1_25' title="bbox 241 2887 1356 2978; baseline -0.005 -20"><span class='ocrx_word' id='word_1_198' title='bbox 241 2887 1356 2978; x_wconf 80' lang='lat' dir='ltr'><strong>Eudaemoet.m.457,12SoteridasHyperechius(Suid.)</strong></span> 
     </span>
     <span class='ocr_line' id='line_1_26' title="bbox 154 2988 1356 3088; baseline -0.005 -29"><span class='ocrx_word' id='word_1_199' title='bbox 154 3071 164 3088; x_wconf 81' lang='lat'><strong>.</strong></span> <span class='ocrx_word' id='word_1_200' title='bbox 239 2995 446 3060; x_wconf 88' lang='lat' dir='ltr'><strong>Arcadius</strong></span> <span class='ocrx_word' id='word_1_201' title='bbox 474 2991 764 3076; x_wconf 85' lang='lat' dir='ltr'><strong>Theognostus</strong></span> <span class='ocrx_word' id='word_1_202' title='bbox 794 3013 847 3077; x_wconf 90' lang='lat' dir='ltr'><strong>ap.</strong></span> <span class='ocrx_word' id='word_1_203' title='bbox 871 2990 1006 3056; x_wconf 89' lang='lat' dir='ltr'><strong>Bachm.</strong></span> <span class='ocrx_word' id='word_1_204' title='bbox 1039 2990 1176 3055; x_wconf 86' lang='lat' dir='ltr'><strong>anecdd.</strong></span> <span class='ocrx_word' id='word_1_205' title='bbox 1215 2988 1275 3053; x_wconf 85' lang='lat' dir='ltr'><strong>Gr.</strong></span> <span class='ocrx_word' id='word_1_206' title='bbox 1301 2993 1356 3070; x_wconf 87' lang='lat'><strong>56,</strong></span> 
     </span>
    </p>

    <p class='ocr_par' dir='ltr' id='par_1_6' title="bbox 219 3091 1357 4091">
     <span class='ocr_line' id='line_1_27' title="bbox 240 3091 1357 3180; baseline -0.004 -21"><span class='ocrx_word' id='word_1_207' title='bbox 240 3098 280 3159; x_wconf 85' lang='grc'><strong>25</strong></span> <span class='ocrx_word' id='word_1_208' title='bbox 296 3097 331 3176; x_wconf 89' lang='lat'><strong>¹).</strong></span> <span class='ocrx_word' id='word_1_209' title='bbox 389 3091 517 3172; x_wconf 73' lang='lat' dir='ltr'><strong>Quibus</strong></span> <span class='ocrx_word' id='word_1_210' title='bbox 549 3092 710 3180; x_wconf 87' lang='lat' dir='ltr'><strong>capitibus</strong></span> <span class='ocrx_word' id='word_1_211' title='bbox 748 3093 1072 3180; x_wconf 88' lang='lat' dir='ltr'><strong>orthographicorum</strong></span> <span class='ocrx_word' id='word_1_212' title='bbox 1103 3100 1357 3178; x_wconf 87' lang='lat' dir='ltr'><strong>praeceptorum</strong></span> 
     </span>
     <span class='ocr_line' id='line_1_28' title="bbox 238 3191 1356 3280; baseline -0.004 -20"><span class='ocrx_word' id='word_1_213' title='bbox 238 3196 382 3260; x_wconf 80' lang='lat' dir='ltr'><strong>maxima</strong></span> <span class='ocrx_word' id='word_1_214' title='bbox 400 3215 477 3280; x_wconf 93' lang='lat' dir='ltr'><strong>pars</strong></span> <span class='ocrx_word' id='word_1_215' title='bbox 499 3192 729 3279; x_wconf 90' lang='lat' dir='ltr'><strong>comprehendi</strong></span> <span class='ocrx_word' id='word_1_216' title='bbox 751 3193 848 3257; x_wconf 88' lang='lat' dir='ltr'><strong>solita</strong></span> <span class='ocrx_word' id='word_1_217' title='bbox 867 3195 924 3276; x_wconf 85' lang='lat' dir='ltr'><strong>sit,</strong></span> <span class='ocrx_word' id='word_1_218' title='bbox 945 3194 1038 3258; x_wconf 89' lang='lat' dir='ltr'><strong>docet</strong></span> <span class='ocrx_word' id='word_1_219' title='bbox 1051 3191 1208 3257; x_wconf 85' lang='lat' dir='ltr'><strong>Ritschel.</strong></span> <span class='ocrx_word' id='word_1_220' title='bbox 1230 3192 1272 3256; x_wconf 86' lang='lat' dir='ltr'><strong>de</strong></span> <span class='ocrx_word' id='word_1_221' title='bbox 1285 3191 1356 3255; x_wconf 91' lang='lat' dir='ltr'><strong>Oro</strong></span> 
     </span>
     <span class='ocr_line' id='line_1_29' title="bbox 237 3292 1356 3384; baseline -0.003 -24"><span class='ocrx_word' id='word_1_222' title='bbox 237 3320 270 3384; x_wconf 95' lang='lat' dir='ltr'><strong>p.</strong></span> <span class='ocrx_word' id='word_1_223' title='bbox 292 3299 343 3360; x_wconf 88' lang='lat'><strong>36.</strong></span> <span class='ocrx_word' id='word_1_224' title='bbox 367 3299 418 3358; x_wconf 89' lang='grc'><strong>44.</strong></span> <span class='ocrx_word' id='word_1_225' title='bbox 465 3294 798 3379; x_wconf 87' lang='lat' dir='ltr'><strong>Circumscripserunt</strong></span> <span class='ocrx_word' id='word_1_226' title='bbox 828 3295 915 3358; x_wconf 89' lang='lat' dir='ltr'><strong>enim</strong></span> <span class='ocrx_word' id='word_1_227' title='bbox 936 3305 1065 3360; x_wconf 88' lang='lat' dir='ltr'><strong>veteres</strong></span> <span class='ocrx_word' id='word_1_228' title='bbox 1088 3293 1294 3379; x_wconf 90' lang='lat' dir='ltr'><strong>grammatici</strong></span> <span class='ocrx_word' id='word_1_229' title='bbox 1315 3292 1356 3357; x_wconf 90' lang='lat' dir='ltr'><strong>li-</strong></span> 
     </span>
     <span class='ocr_line' id='line_1_30' title="bbox 237 3394 1354 3484; baseline -0.006 -21"><span class='ocrx_word' id='word_1_230' title='bbox 237 3396 342 3463; x_wconf 88' lang='lat' dir='ltr'><strong>bellos</strong></span> <span class='ocrx_word' id='word_1_231' title='bbox 367 3418 443 3461; x_wconf 92' lang='lat' dir='ltr'><strong>suos</strong></span> <span class='ocrx_word' id='word_1_232' title='bbox 470 3394 738 3482; x_wconf 85' lang='lat' dir='ltr'><strong>orthographicos</strong></span> <span class='ocrx_word' id='word_1_233' title='bbox 767 3395 959 3484; x_wconf 88' lang='lat' dir='ltr'><strong>plerumque</strong></span> <span class='ocrx_word' id='word_1_234' title='bbox 986 3397 1037 3461; x_wconf 94' lang='lat' dir='ltr'><strong>his</strong></span> <span class='ocrx_word' id='word_1_235' title='bbox 1059 3394 1197 3477; x_wconf 89' lang='lat' dir='ltr'><strong>finibus,</strong></span> <span class='ocrx_word' id='word_1_236' title='bbox 1227 3403 1264 3457; x_wconf 86' lang='lat' dir='ltr'><strong>ut</strong></span> <span class='ocrx_word' id='word_1_237' title='bbox 1286 3395 1354 3479; x_wconf 91' lang='lat' dir='ltr'><strong>pri·</strong></span> 
     </span>
     <span class='ocr_line' id='line_1_31' title="bbox 236 3495 1354 3585; baseline -0.005 -21"><span class='ocrx_word' id='word_1_238' title='bbox 236 3522 324 3564; x_wconf 89' lang='lat' dir='ltr'><strong>mum</strong></span> <span class='ocrx_word' id='word_1_239' title='bbox 353 3500 388 3563; x_wconf 93' lang='lat' dir='ltr'><strong>in</strong></span> <span class='ocrx_word' id='word_1_240' title='bbox 416 3496 650 3561; x_wconf 75' lang='lat' dir='ltr'><strong>iudicandam</strong></span> <span class='ocrx_word' id='word_1_241' title='bbox 680 3505 712 3561; x_wconf 90' lang='lat' dir='ltr'><strong>et</strong></span> <span class='ocrx_word' id='word_1_242' title='bbox 741 3519 757 3562; x_wconf 90' lang='grc' dir='ltr'><strong><em>ε</em></strong></span> <span class='ocrx_word' id='word_1_243' title='bbox 783 3499 945 3585; x_wconf 85' lang='lat' dir='ltr'><strong>scriptura</strong></span> <span class='ocrx_word' id='word_1_244' title='bbox 969 3506 1196 3579; x_wconf 85' lang='lat' dir='ltr'><strong>versarentur,</strong></span> <span class='ocrx_word' id='word_1_245' title='bbox 1230 3495 1354 3560; x_wconf 89' lang='lat' dir='ltr'><strong>deinde</strong></span> 
     </span>
     <span class='ocr_line' id='line_1_32' title="bbox 235 3598 1353 3688; baseline -0.004 -23"><span class='ocrx_word' id='word_1_246' title='bbox 235 3601 339 3666; x_wconf 89' lang='lat' dir='ltr'><strong>altera</strong></span> <span class='ocrx_word' id='word_1_247' title='bbox 365 3598 505 3688; x_wconf 90' lang='lat' dir='ltr'><strong>quadam</strong></span> <span class='ocrx_word' id='word_1_248' title='bbox 530 3606 623 3683; x_wconf 87' lang='lat' dir='ltr'><strong>parte</strong></span> <span class='ocrx_word' id='word_1_249' title='bbox 655 3599 836 3685; x_wconf 85' lang='lat' dir='ltr'><strong>copiosiore</strong></span> <span class='ocrx_word' id='word_1_250' title='bbox 864 3600 1040 3685; x_wconf 88' lang='lat' dir='ltr'><strong>scripturas</strong></span> <span class='ocrx_word' id='word_1_251' title='bbox 1064 3620 1092 3662; x_wconf 88' lang='grc' dir='ltr'><strong>ει</strong></span> <span class='ocrx_word' id='word_1_252' title='bbox 1114 3605 1147 3661; x_wconf 84' lang='grc' dir='ltr'><strong>ο1</strong></span> <span class='ocrx_word' id='word_1_253' title='bbox 1168 3621 1196 3680; x_wconf 88' lang='grc' dir='ltr'><strong>ι,</strong></span> <span class='ocrx_word' id='word_1_254' title='bbox 1227 3619 1248 3679; x_wconf 82' lang='grc' dir='ltr'><em>η</em></span> <span class='ocrx_word' id='word_1_255' title='bbox 1273 3605 1305 3660; x_wconf 89' lang='lat' dir='ltr'><strong>et</strong></span> <span class='ocrx_word' id='word_1_256' title='bbox 1328 3621 1353 3678; x_wconf 89' lang='grc' dir='ltr'><strong>ι,</strong></span> 
     </span>
     <span class='ocr_line' id='line_1_33' title="bbox 233 3695 1353 3788; baseline -0.004 -21"><span class='ocrx_word' id='word_1_257' title='bbox 233 3704 332 3767; x_wconf 88' lang='lat' dir='ltr'><strong>tertia</strong></span> <span class='ocrx_word' id='word_1_258' title='bbox 353 3726 385 3766; x_wconf 83' lang='grc' dir='ltr'><strong>οι</strong></span> <span class='ocrx_word' id='word_1_259' title='bbox 406 3709 439 3765; x_wconf 87' lang='lat' dir='ltr'><strong>et</strong></span> <span class='ocrx_word' id='word_1_260' title='bbox 460 3723 483 3764; x_wconf 86' lang='grc' dir='ltr'><strong><em>ο</em></strong></span> <span class='ocrx_word' id='word_1_261' title='bbox 503 3710 786 3787; x_wconf 85' lang='lat' dir='ltr'><strong>persequerentur,</strong></span> <span class='ocrx_word' id='word_1_262' title='bbox 810 3709 926 3788; x_wconf 86' lang='lat' dir='ltr'><strong>quarta</strong></span> <span class='ocrx_word' id='word_1_263' title='bbox 947 3700 1087 3786; x_wconf 85' lang='lat' dir='ltr'><strong>denique</strong></span> <span class='ocrx_word' id='word_1_264' title='bbox 1108 3698 1150 3763; x_wconf 90' lang='lat' dir='ltr'><strong>de</strong></span> <span class='ocrx_word' id='word_1_265' title='bbox 1172 3723 1185 3762; x_wconf 88' lang='grc' dir='ltr'>ι</span> <span class='ocrx_word' id='word_1_266' title='bbox 1208 3695 1353 3762; x_wconf 88' lang='lat' dir='ltr'><strong>subscri·</strong></span> 
     </span>
     <span class='ocr_line' id='line_1_34' title="bbox 219 3798 1352 3890; baseline -0.005 -22"><span class='ocrx_word' id='word_1_267' title='bbox 219 3807 289 3890; x_wconf 75' lang='lat' dir='ltr'><strong>&#39;pto</strong></span> <span class='ocrx_word' id='word_1_268' title='bbox 316 3803 476 3889; x_wconf 90' lang='lat' dir='ltr'><strong>singulari</strong></span> <span class='ocrx_word' id='word_1_269' title='bbox 501 3802 663 3866; x_wconf 91' lang='lat' dir='ltr'><strong>industria</strong></span> <span class='ocrx_word' id='word_1_270' title='bbox 687 3811 890 3888; x_wconf 89' lang='lat' dir='ltr'><strong>quaererent.</strong></span> <span class='ocrx_word' id='word_1_271' title='bbox 942 3800 1070 3881; x_wconf 83' lang='lat' dir='ltr'><strong>Quibus</strong></span> <span class='ocrx_word' id='word_1_272' title='bbox 1101 3798 1352 3887; x_wconf 88' lang='lat' dir='ltr'><strong>quaestionibus</strong></span> 
     </span>
     <span class='ocr_line' id='line_1_35' title="bbox 234 3898 1349 3988; baseline -0.003 -20"><span class='ocrx_word' id='word_1_273' title='bbox 234 3913 301 3968; x_wconf 89' lang='lat' dir='ltr'><strong>tam</strong></span> <span class='ocrx_word' id='word_1_274' title='bbox 323 3903 440 3969; x_wconf 83' lang='lat' dir='ltr'><strong>affines</strong></span> <span class='ocrx_word' id='word_1_275' title='bbox 464 3905 498 3968; x_wconf 94' lang='lat' dir='ltr'><strong>in</strong></span> <span class='ocrx_word' id='word_1_276' title='bbox 523 3903 617 3968; x_wconf 92' lang='lat' dir='ltr'><strong>libris</strong></span> <span class='ocrx_word' id='word_1_277' title='bbox 645 3903 722 3988; x_wconf 77' lang='grc' dir='ltr'><strong><em>περὶ</em></strong></span> <span class='ocrx_word' id='word_1_278' title='bbox 751 3898 930 3988; x_wconf 76' lang='grc' dir='ltr'><strong><em>σχημάτων</em></strong></span> <span class='ocrx_word' id='word_1_279' title='bbox 959 3903 1140 3988; x_wconf 91' lang='lat' dir='ltr'><strong>attigerunt</strong></span> <span class='ocrx_word' id='word_1_280' title='bbox 1168 3900 1226 3986; x_wconf 82' lang='lat' dir='ltr'><strong>(of.</strong></span> <span class='ocrx_word' id='word_1_281' title='bbox 1248 3899 1349 3965; x_wconf 88' lang='lat' dir='ltr'><strong>Arth.</strong></span> 
     </span>
     <span class='ocr_line' id='line_1_36' title="bbox 234 4001 1353 4091; baseline -0.002 -24"><span class='ocrx_word' id='word_1_282' title='bbox 234 4003 275 4067; x_wconf 85' lang='lat' dir='ltr'><strong>de</strong></span> <span class='ocrx_word' id='word_1_283' title='bbox 310 4003 433 4069; x_wconf 89' lang='lat' dir='ltr'><strong>Velsen</strong></span> <span class='ocrx_word' id='word_1_284' title='bbox 467 4002 635 4091; x_wconf 89' lang='lat' dir='ltr'><strong>Tryphon.</strong></span> <span class='ocrx_word' id='word_1_285' title='bbox 668 4004 709 4068; x_wconf 86' lang='lat' dir='ltr'><strong>fr.</strong></span> <span class='ocrx_word' id='word_1_286' title='bbox 730 4027 763 4091; x_wconf 93' lang='lat' dir='ltr'><strong>p.</strong></span> <span class='ocrx_word' id='word_1_287' title='bbox 784 4007 824 4069; x_wconf 87' lang='grc'><strong>90</strong></span> <span class='ocrx_word' id='word_1_288' title='bbox 848 4004 952 4091; x_wconf 84' lang='lat' dir='ltr'><strong>sqq),</strong></span> <span class='ocrx_word' id='word_1_289' title='bbox 979 4012 1016 4067; x_wconf 92' lang='lat' dir='ltr'><strong>ut</strong></span> <span class='ocrx_word' id='word_1_290' title='bbox 1035 4001 1228 4067; x_wconf 87' lang='lat' dir='ltr'><strong>haereamus</strong></span> <span class='ocrx_word' id='word_1_291' title='bbox 1249 4002 1353 4066; x_wconf 86' lang='lat' dir='ltr'><strong>inter-</strong></span> 
     </span>
    </p>
   </div>
   <div class='ocr_carea' id='block_1_5' title="bbox 231 4157 1354 4396">
    <p class='ocr_par' dir='ltr' id='par_1_7' title="bbox 231 4157 1354 4396">
     <span class='ocr_line' id='line_1_37' title="bbox 304 4157 1352 4226; baseline 0.001 -17"><span class='ocrx_word' id='word_1_292' title='bbox 304 4159 329 4224; x_wconf 90' lang='lat' dir='ltr'><strong>l)</strong></span> <span class='ocrx_word' id='word_1_293' title='bbox 347 4160 409 4211; x_wconf 86' lang='lat' dir='ltr'><strong>Non</strong></span> <span class='ocrx_word' id='word_1_294' title='bbox 434 4160 558 4210; x_wconf 87' lang='lat' dir='ltr'><strong>exomni</strong></span> <span class='ocrx_word' id='word_1_295' title='bbox 581 4164 659 4225; x_wconf 86' lang='lat' dir='ltr'><strong>parte</strong></span> <span class='ocrx_word' id='word_1_296' title='bbox 684 4175 777 4211; x_wconf 82' lang='lat' dir='ltr'><strong>verum</strong></span> <span class='ocrx_word' id='word_1_297' title='bbox 795 4166 838 4211; x_wconf 82' lang='lat' dir='ltr'><strong>cst</strong></span> <span class='ocrx_word' id='word_1_298' title='bbox 860 4159 934 4226; x_wconf 83' lang='lat' dir='ltr'><strong>quod</strong></span> <span class='ocrx_word' id='word_1_299' title='bbox 958 4160 1058 4210; x_wconf 82' lang='lat' dir='ltr'><strong>asserit</strong></span> <span class='ocrx_word' id='word_1_300' title='bbox 1081 4157 1263 4210; x_wconf 81' lang='lat' dir='ltr'><strong>Cassiodorus</strong></span> <span class='ocrx_word' id='word_1_301' title='bbox 1282 4159 1352 4210; x_wconf 87' lang='lat' dir='ltr'><strong>inst.</strong></span> 
     </span>
     <span class='ocr_line' id='line_1_38' title="bbox 231 4245 1354 4312; baseline 0.002 -18"><span class='ocrx_word' id='word_1_302' title='bbox 231 4245 317 4310; x_wconf 82' lang='lat' dir='ltr'><strong>praef.</strong></span> <span class='ocrx_word' id='word_1_303' title='bbox 349 4245 561 4311; x_wconf 82' lang='lat' dir='ltr'><strong>‘orthographia</strong></span> <span class='ocrx_word' id='word_1_304' title='bbox 591 4246 665 4310; x_wconf 83' lang='lat' dir='ltr'><strong>apud</strong></span> <span class='ocrx_word' id='word_1_305' title='bbox 689 4247 807 4298; x_wconf 84' lang='lat' dir='ltr'><strong>Graecos</strong></span> <span class='ocrx_word' id='word_1_306' title='bbox 829 4247 987 4312; x_wconf 85' lang='lat' dir='ltr'><strong>pierumque</strong></span> <span class='ocrx_word' id='word_1_307' title='bbox 1008 4247 1068 4297; x_wconf 87' lang='lat' dir='ltr'><strong>sine</strong></span> <span class='ocrx_word' id='word_1_308' title='bbox 1087 4245 1270 4310; x_wconf 84' lang='lat' dir='ltr'><strong>ambiguitate</strong></span> <span class='ocrx_word' id='word_1_309' title='bbox 1289 4262 1354 4310; x_wconf 87' lang='lat' dir='ltr'><strong>pro-</strong></span> 
     </span>
     <span class='ocr_line' id='line_1_39' title="bbox 231 4331 1175 4396; baseline 0 -14"><span class='ocrx_word' id='word_1_310' title='bbox 231 4331 312 4382; x_wconf 85' lang='lat' dir='ltr'><strong>batur</strong></span> <span class='ocrx_word' id='word_1_311' title='bbox 330 4337 487 4396; x_wconf 84' lang='lat' dir='ltr'><strong>expressa.’</strong></span> <span class='ocrx_word' id='word_1_312' title='bbox 1168 4346 1175 4360; x_wconf 94' lang='lat'><strong>·</strong></span> 
     </span>
    </p>
   </div>
   <div class='ocr_carea' id='block_1_6' title="bbox 0 0 1470 5002">
    <p class='ocr_par' dir='ltr' id='par_1_8' title="bbox 0 0 1470 5002">
     <span class='ocr_line' id='line_1_40' title="bbox 0 0 1470 5002; baseline 0 7"><span class='ocrx_word' id='word_1_313' title='bbox 0 0 1470 5002; x_wconf 95' lang='lat' dir='ltr'><strong> </strong></span> 
     </span>
    </p>
   </div>
  </div>
 </body>
</html>
