2948 5024
207 810 211 817 “
314 781 356 869 [5.
375 777 587 865 Ἀρίσταρχος
608 777 732 865 γράφει
755 776 992 864 θάμβησεν·
1017 775 1060 846 οό
1083 782 1147 868 γάρ
1170 777 1214 849 άν
1235 788 1338 870 ἔπλη-

225 885 282 958 ξεν
304 881 341 945 ἐν
362 884 409 969 τῷ
431 878 681 965 πυνθάνεσθαι,
704 885 797 964 είπερ
820 874 990 967 ᾤκτειρεν.
1014 882 1069 966 V.l

313 989 361 1049 16.
385 981 440 1049 oui
464 987 527 1050 τοῦ
547 1008 567 1068 η
591 981 847 1066 τεθνηώτων
870 984 907 1047 αί
923 978 1152 1068 Ἀριστάρχου.
1175 987 1217 1049 Α.

312 1078 774 1169 [11.Πηλίωςὺιί·οῧτα
790 1088 1007 1168 Πτολεμαῖος.
1029 1087 1065 1151 oc
1083 1080 1154 1151 ‘ii‘
1135 1109 1339 1170 υπομνημα-

224 1186 396 1272 τισάμενοι
411 1183 533 1265 Ἰακως.
557 1189 611 1271 V.l

310 1293 361 1355 25.
382 1285 624 1373 Ἀριστοφάνης
647 1291 708 1368 ἔξω
731 1293 792 1354 τοῦ
812 1283 948 1372 άρθρου
964 1285 1040 1372 μὲν
1057 1290 1276 1372 Τυδείδης.
1292 1290 1336 1354 A.

309 1397 361 1458 31.
386 1393 520 1458 Excidit
532 1392 670 1480 Didymi
687 1392 854 1456 adnotatio
874 1391 915 1456 de
927 1413 1007 1456 vooe
1020 1391 1188 1475 αἰναρέτη,
1207 1399 1338 1456 servato

223 1504 331 1559 tomen
349 1496 383 1559 in
394 1497 425 1559 A
437 1495 618 1560 Aristonici
640 1496 686 1582 (p.
701 1498 763 1559 256
775 1495 826 1560 ed.
841 1495 913 1578 Fr.)
926 1494 1220 1577 animadversione,
1240 1516 1338 1582 quam

224 1599 346 1662 sicum
368 1597 469 1662 schol.
492 1597 550 1661 BL
575 1593 832 1683 comparaveris,
866 1618 931 1660 non
960 1595 1113 1680 negabis,
1144 1599 1274 1683 opinor,
1303 1599 1336 1660 in

224 1699 281 1762 BL
292 1698 473 1786 Didymum
486 1721 677 1786 expressum
695 1719 776 1780 esso,
792 1694 964 1762 σύνθετόν
981 1696 1050 1762 ἐστι
1064 1694 1154 1783 παρά
1168 1694 1337 1782 θηλυκόν,

224 1795 270 1878 ὥς
286 1796 324 1867 τό
344 1795 503 1885 ὑψαγόρη
521 1797 701 1886 μισοχύνη,
724 1793 808 1884 ὅπερ
820 1793 1025 1885 άχνοοῦντες
1036 1797 1229 1883 γράφουσιν
1239 1802 1337 1865 αίνα-

225 1904 340 2023 ρίτης,
371 1898 418 1968 ἵν’
442 1894 464 1990 ᾗ
489 1897 507 1967 ὁ
529 1901 644 1986 χόλος,
678 1896 696 1966 ὁ
721 1901 877 1986 πολέμιος
906 1900 961 1967 καὶ
987 1898 1108 1987 ἐχθρός
1125 1906 1183 1986 τῆς
1205 1896 1335 1985 άρετῆς.
1383 1932 1385 1935 ’

223 1999 244 2088 ἡ
267 2002 362 2070 oio
326 2006 400 2088 δίχα
422 2010 485 2069 τοῦ
507 2023 527 2069 o
551 2000 741 2087 άνάγνωσις
764 1998 1007 2095 Ἀριστάρχειός
1022 2004 1101 2071 ἐστι.
1146 2004 1227 2089 Leg.
1251 2001 1336 2087 γρά-

223 2123 351 2189 φουσιν
371 2101 442 2171 αἴν’
466 2101 596 2191 ἀρετῆς.

310 2203 417 2298 [35.”
397 2232 461 2274 οτι
483 2232 560 2273 τοι·
564 2203 791 2350 Ἀρίσταρχος
812 2204 848 2272 δὲ
870 2205 993 2291 γράφει
1016 2201 1083 2272 ότι
1104 2231 1178 2272 τοι
1198 2207 1253 2294 V.]

224 2416 328 2480 είκαλ
352 2360 439 2499 olio,
459 2417 554 2499 φησί,
577 2408 652 2479 τινά
674 2417 850 2497 μαντείαν,
873 2406 948 2478 ἀλλ’
974 2434 1017 2476 ου
1007 2405 1198 2495 ’φροντιῖω
1220 2404 1333 2494 αὐτης.

223 2517 385 2602 μέμνηται
408 2514 444 2594 δὲ
465 2540 524 2600 της
544 2515 739 2601 μαντείας’
722 2538 760 2580 εν
781 2525 852 2593 ταῖς
874 2521 987 2593 λιταῖς.
1009 2514 1091 2602 BL.]

307 2621 370 2708 [53.
394 2617 458 2704 δή·
479 2613 690 2703 Ἀρίσταρχος
708 2620 778 2695 τίς.
799 2617 854 2706 V.]

311 2720 374 2808 [59.
398 2718 678 2805 μετανάστην·
702 2719 740 2784 ἐν
762 2723 801 2806 τῇ
825 2723 1090 2804 Μασσαλιωτικῇ
1112 2717 1166 2782 καὶ
1189 2720 1229 2804 τῇ
1248 2711 1333 2780 Ῥια-

183 2828 186 2834 ’
221 2825 286 2886 νοῦ
319 2834 619 2906 μεταναοτεῑν,
651 2821 707 2887 καὶ
739 2817 905 2886 άκοόουσι
939 2817 1000 2905 την
1032 2821 1267 2905 Βρισηίδα...
1291 2818 1332 2882 V.

222 2918 239 2986 ὁ
268 2922 330 3007 μὲν
354 2918 566 3007 Ἀρίσταρχος
598 2921 721 3007 γράφει
752 2921 1038 3009 μετανάστην,
1069 2924 1125 2988 καί
1155 2920 1240 3007 πρός
1272 2918 1334 3004 τὴν

222 3026 384 3109 Βρισηίδα
407 3021 535 3090 ἀκούει.
567 3019 643 3090 (idi
661 3019 867 3113 Ἡρφόιανός
889 3031 959 3092 κτλ.
980 3026 1048 3091 BL.
1095 3025 1148 3091 Of.
1171 3025 1333 3089 Aristoni-

220 3147 294 3188 cum
316 3126 350 3188 in
368 3127 410 3189 A.
431 3126 551 3191 Omnia
572 3128 606 3190 in
626 3128 677 3192 his
698 3128 830 3192 turbata
850 3129 949 3217 sunt]

306 3231 356 3291 71.
380 3223 488 3304 οὕτως
510 3225 720 3306 ἐναύλους
741 3225 798 3294 διὰ
822 3233 883 3293 τοῦ
905 3253 936 3294 ν.
959 3232 1000 3294 Α.

307 3332 357 3393 76.
381 3323 458 3394 όπό
466 3353 499 3407 ς·
525 3331 562 3394 ἐν
581 3347 649 3396 τισι
671 3334 740 3395 τοῖν
762 3325 1014 3416 ὑπομνημάτων
1033 3335 1140 3410 ἔπος.
1162 3334 1203 3396 Α.

307 3434 375 3495 106.
410 3428 606 3516 γράφεσθαί
626 3451 730 3517 φησιν
751 3427 769 3498 ὁ
792 3428 1002 3518 Ἀρίσταρχος
1023 3436 1078 3499 καί
1097 3432 1274 3499 τόπτετο
1297 3427 1330 3496 o'

220 3531 301 3597 αίεὶ
319 3528 560 3618 καπφάλαρ’
584 3529 785 3618 εὐποίητα
806 3532 862 3600 διά
878 3540 940 3601 τοῦ
962 3559 996 3621 π,
1018 3532 1081 3602 οὐκ
1100 3525 1149 3601 εό.
1174 3534 1332 3622 βούλεται

218 3630 282 3719 γάρ
302 3634 413 3719 λέγειν
430 3634 565 3701 καὶτὰ
588 3634 762 3722 φάλαρα
781 3640 930 3722 καναχὴν
950 3634 1047 3722 εἶχεν.
1069 3641 1110 3703 Α.

305 3740 374 3801 126.
397 3733 505 3817 οὕτως
518 3732 729 3823 Ἀρίσταρχος
748 3750 879 3825 κεῖρε,
900 3741 1076 3825 χωρίςτου
1092 3768 1105 3807 ι
1118 3735 1238 3817 Ἱακιός.
1262 3741 1330 3803 ἔστι

217 3831 282 3919 γάρ
313 3839 435 3923 ἔκειρε,
468 3833 559 3917 είς”
538 3862 668 3926 απορον
694 3844 838 3923 καθίστη
865 3836 905 3905 τά
928 3846 987 3926 τῆς
1008 3840 1128 3928 μάχης,
1160 3836 1206 3918 ὡς
1226 3838 1332 3925 μηδὲν

218 3940 305 4021 ἔχειν
325 3938 508 4025 μήσασθαι.
531 3942 572 4007 A.

304 4041 624 4126 1271ωην-ἐν
647 4071 687 4132 τη
709 4049 974 4131 Μασσαλιωτικη
996 4040 1203 4129 ἐρωηνΑ

304 4148 374 4211 140.
410 4140 601 4227 Ζηνόδοτος
628 4151 752 4212 τοῦτον
778 4141 946 4230 άθετησας
975 4143 1054 4223 τοὺς
1075 4144 1131 4230 ἑξη
1132 4172 1149 4224 ς
1171 4145 1332 4228 τέσσαρας

220 4239 284 4307 οὐκ
303 4245 461 4327 ἔγραφεν.
482 4247 523 4309 Α.
1211 4278 1214 4283 ¹

306 4347 375 4408 143.
399 4347 510 4430 διχῶς,
532 4346 586 4412 καὶ
608 4345 706 4431 τάμε
729 4350 783 4414 καί
803 4347 916 4434 πόρε.
940 4349 981 4414 A.
