2948 5024
216 381 275 442 152
525 342 530 351 ⁴
668 383 861 451 -ωρ

298 549 348 611 89.
384 547 421 610 αι’
439 541 635 628 Ζηνοδότου
657 545 897 630 ἐκπέρσειν,
918 539 960 610 οὐ
981 550 1237 625 καλλείψειν.
1272 548 1328 613 καὶ

214 652 414 733 παρίστησιν
433 636 528 731 ἦθος.
551 647 592 712 A.

299 770 351 831 95.
362 804 406 817 -
417 764 473 830 καὶ
489 758 731 850 Ἀριστοφάνης
750 766 787 830 δὲ
799 765 989 850 προηθέτει.
1010 766 1052 833 A.
1076 767 1129 832 ef.
1146 767 1327 833 Duentzer.

214 869 373 934 Zenodot.
395 890 428 954 p.
452 872 482 951 5,
508 871 556 932 19.

303 990 372 1050 114.
397 1026 441 1035 -
466 982 656 1070 Ζηνόδοτος
683 983 719 1049 δὲ
750 980 883 1068 ἠθέτει,
917 983 1007 1068 παρὰ
1029 981 1263 1069 Ἀριστοφάνει
1291 989 1328 1052 δὲ

215 1081 279 1151 οὐκ
302 1079 354 1168 ἦν.
385 1083 422 1151 τό
448 1085 483 1153 δὲ
505 1083 695 1163 κάλυψεν
716 1080 878 1165 Ἰωνικοῖς.
898 1090 940 1152 Α.
986 1084 1328 1174 (Leg.’1au039m0re

216 1187 317 1253 schol.
340 1188 464 1272 solito.)
501 1188 553 1252 Of.
577 1187 720 1253 Duentz.
744 1189 868 1254 Zenod.
891 1212 924 1276 p.
946 1194 976 1254 5.

304 1307 388 1395 [118.
414 1308 545 1388 ἐμεῖο·
580 1299 670 1372 οὕτω
694 1306 893 1391 Ζηνόδοτος.
915 1303 1004 1385 τινὲς
1026 1307 1063 1372 δὲ
1085 1307 1217 1393 ἐμοῖο,
1239 1304 1286 1375 ἵν’
1309 1300 1331 1395 ᾖ

214 1405 361 1491 κτητική.
380 1407 434 1495 V.]

303 1530 374 1592 118.
397 1527 528 1609 ἐμοῖο·
559 1522 668 1605 οὕτως
683 1521 896 1611 Ἀρίσταρχος
917 1527 1108 1613 Ζηνόδοτος
1135 1526 1172 1593 δέ
1195 1528 1328 1614 ἐμεῖο·

217 1622 281 1695 οάκ
302 1623 427 1712 ὀρθῶς.
451 1629 493 1694 A.

305 1752 375 1816 125.
416 1751 452 1814 αλ
468 1744 685 1833 Ἀριστάρχου
714 1751 751 1813 εί
768 1747 888 1814 ἐτεόν
910 1772 1000 1831 περ,
1035 1736 1126 1834 ῗνή]
1157 1751 1261 1812 ταῦτα
1293 1746 1330 1812 δὲ

216 1845 304 1936 ὑμᾶς
320 1847 408 1927 είκὸς
419 1851 544 1915 είδέναι
560 1846 756 1934 ἀκηκοότας,
773 1853 804 1915 εί
817 1845 930 1936 ἀληθῆ
945 1853 1040 1935 λέγω.
1064 1851 1101 1914 αῖ
1113 1848 1149 1913 δὲ
1165 1847 1331 1931 δημωδεις

218 1947 269 2031 ὡς
291 1947 412 2018 ἐτεόν
430 1975 517 2034 περ.
537 1954 579 2017 Α.
1346 1970 1349 1975 ’

308 2073 376 2136 148.
402 2064 705 2154 ἡἈριστοφάνους
727 2067 784 2134 διὰ
809 2072 871 2134 τοῦ
892 2069 952 2135 δέ·
976 2064 1104 2136 ὅσσον
1123 2063 1157 2134 δ’
1182 2065 1331 2136 ἐννεά-

216 2178 337 2256 χιλοι.
360 2170 402 2235 A.

306 2278 376 2337 157.
405 2267 617 2356 Ἀρίσταρχος
640 2274 944 2355 πολυπίδακος,
967 2267 1063 2338 ἄλλοι
1089 2273 1126 2338 δὲ
1150 2277 1330 2338 πολυπι-

219 2379 239 2442 δ
245 2374 359 2440 άκου.
382 2376 423 2439 A.
446 2374 559 2461 (Quod
574 2373 693 2451 τελέως
715 2368 876 2457 ἀγροικον
893 2374 1023 2439 videtur
1038 2375 1133 2439 alteri
1147 2374 1248 2438 schol.
1270 2374 1329 2460 A.)

306 2481 375 2543 162.
406 2478 625 2543 Aristonicus.
641 2477 654 2564 ΙΙ
671 2478 834 2565 Didymus
856 2470 993 2559 ἀγνοεῖν
1015 2473 1051 2540 δὲ
1077 2470 1139 2559 τὴν
1161 2475 1331 2561 διαφοράν

219 2576 325 2647 αὐτόν
346 2598 451 2664 φησιν
469 2573 691 2662 Ἀρίσταρχος.
713 2579 756 2643 Α.

306 2687 375 2746 177.
396 2677 587 2767 Ζηνόδοτος
607 2679 662 2745 καὶ
678 2672 921 2763 Ἀριστοφάνης
943 2675 1098 2756 καλούς
1119 2677 1189 2742 καὶ
1210 2676 1332 2762 μεγά-

219 2791 327 2862 λους.
350 2784 392 2851 A.

307 2888 378 2951 181.
427 2878 634 2968 Ἀρίσταρχος
652 2878 755 2969 ζώνη
776 2880 830 2947 καὶ
851 2875 1046 2967 ἀραρυίη·
1081 2873 1177 2945 ἀλλοι
1198 2880 1234 2945 δὲ
1256 2877 1331 2958 ζω-

220 3010 295 3070 νην
315 2985 369 3050 καὶ
389 2980 607 3069 ἀραρυῖαν.
630 2986 672 3049 Α.
1440 2982 1447 2988 ’

307 3086 393 3173 [202.
416 3087 457 3150 οἵ
474 3108 520 3169 με
542 3095 708 3168 σφοῖσι·
730 3084 796 3148 συν
818 3087 858 3167 τῆ
880 3084 923 3148 ἐν
942 3085 979 3148 αί
995 3078 1221 3169 Ἀριστάρχου.
1244 3086 1299 3172 V.]

308 3188 393 3275 [203.
416 3182 472 3251 διά
492 3189 556 3251 τοῦ
578 3211 598 3250 α
615 3181 717 3263 Ῥείας
736 3187 773 3251 αἱ
789 3180 1016 3270 Ἀριστάρχου.
1039 3181 1148 3263 οὕτως
1170 3186 1225 3251 καὶ
1241 3181 1331 3269 Ἀρι-

221 3288 401 3371 στοφάνης.
428 3289 470 3353 Α.

304 3390 377 3453 208.
400 3390 569 3455 κείνων·
593 3381 660 3454 σάν
680 3393 726 3475 τῷ
745 3411 767 3452 ν
793 3382 1034 3473 Ἀριστοφάνης
1055 3390 1109 3454 καὶ
1134 3387 1331 3474 Ζηνόδοτος.

218 3484 427 3574 Ἀρίσταρχος
439 3489 474 3553 δὲ
490 3481 741 3572 ὁμηρικοότερόν
756 3505 861 3573 φησιν
873 3485 970 3573 εἶναι,
984 3494 1015 3556 εί
1025 3495 1159 3566 κείνους
1169 3495 1333 3572 παραπεί-

220 3608 306 3655 σασα
332 3587 394 3673 τὴν
423 3587 544 3673 ψυχήν.
587 3589 746 3675 ἐγχωρεῖν
767 3590 803 3655 δὲ
826 3592 880 3655 καῖ
902 3589 985 3675 μετά
1006 3596 1068 3656 τοῦ
1090 3616 1127 3675 υ,
1161 3595 1191 3656 εί
1210 3595 1333 3656 κείνων

221 3689 258 3757 τό
287 3694 351 3774 κῆρ
377 3694 527 3757 πείσασα.
572 3686 614 3757 οό
640 3694 694 3758 δεῖ
718 3691 755 3757 δέ
779 3694 963 3771 ξενίζεσθαι
986 3692 1041 3758 ἐπὶ
1061 3705 1132 3772 ταῖς
1151 3697 1219 3759 τῶν
1242 3692 1333 3758 πτά-

221 3809 309 3859 σεων
330 3791 536 3877 ἐναλλαγαῖς.
559 3795 600 3860 A.

304 3896 377 3958 213.
398 3932 441 3944 -
461 3897 642 3980 προηδέτει
664 3896 701 3962 δὲ
723 3896 779 3961 καί
795 3890 1047 3981 Ἀριστοφάνης.
1072 3898 1115 3963 Α.

306 3997 379 4059 216.
401 3995 445 4058 ἐν
467 3990 500 4060 δ’
521 3991 737 4080 ὀαριστύς·
759 3999 797 4062 ἐν
817 4012 884 4063 τισι
906 4002 974 4063 τόν
990 3992 1241 4084 ὑπομνημάτων
1263 3989 1329 4079 η’δ’

220 4090 431 4176 ὀαριστύς.
454 4097 496 4162 A.
1117 4136 1131 4152 .

305 4199 378 4260 223.
398 4190 609 4281 Ἀρίσταρχος
630 4200 756 4287 μέσφ,
778 4195 874 4266 ἀλλοι
896 4195 932 4265 δὲ
956 4197 1014 4285 ἑῷ.
1038 4199 1080 4263 Α.

389 4294 458 4388 [ἔφυ
480 4293 588 4376 οὕτως
610 4305 825 4385 Αρίσταρχος,
846 4298 1034 4384 Ζηνόδοτος
1056 4294 1093 4363 δέ
1115 4299 1216 4384 μέσῳ.
1240 4297 1293 4385 V.]
