2962 5018
241 397 303 457 304

241 564 402 629 exciderit
434 562 639 648 grammatici
676 565 846 630 cuiusdam
881 566 1105 651 interpretatio
1142 568 1249 632 minus
1284 569 1357 634 loco

241 666 450 729 conveniens.
495 665 657 729 Acerbius
689 667 791 748 enim,
828 665 862 730 id
893 666 980 753 quod
1012 678 1192 733 memoratu
1221 670 1359 754 dignum

241 776 307 851 est,
342 788 439 854 quam
465 765 601 849 assolet,
634 766 799 853 Didymus
828 769 918 833 Ionis
951 769 1162 856 interpretem
1192 771 1358 857 quendam

241 890 439 954 anonymum
467 870 607 953 castigat
636 869 669 931 in
697 869 864 956 Hesychio
891 879 923 933 et
944 869 1035 934 alibi.
1080 869 1154 935 Non
1176 872 1284 957 ipsum
1304 872 1357 935 lo-

239 993 314 1035 nem
342 971 520 1057 perstringi
549 969 643 1034 docet
673 969 818 1055 Hesych.
851 969 1075 1055 ίῤῥωπίζομεν
1099 1011 1138 1019 -
1161 969 1249 1048 τινὲς
1271 965 1356 1036 ἀπέ-

239 1074 344 1137 δοσαν
364 1111 408 1121 -
431 1073 550 1148 κακῶς.
596 1071 705 1135 Unum
725 1073 803 1136 novi
826 1071 946 1149 locum,
969 1073 1024 1158 qui
1047 1073 1214 1139 Meinekio
1239 1075 1355 1140 suffra-

239 1176 311 1259 gari
335 1196 432 1261 posse
460 1171 611 1237 videatur
631 1172 780 1237 Eustath.
809 1178 846 1238 Ψ
864 1176 925 1238 270
946 1196 978 1260 p.
1000 1177 1091 1258 1300,
1111 1180 1130 1239 5
1151 1216 1195 1228 -
1215 1171 1260 1254 ὡς
1273 1172 1355 1242 Ἴων

239 1271 256 1340 ὁ
292 1270 432 1358 ποιητὴς
466 1268 671 1358 ὖπεμφαίνει
712 1273 749 1337 ἐν
787 1277 834 1361 τῷ
870 1277 1041 1360 ἔκπωμα
1076 1273 1353 1343 δακτυλωτὸν

238 1372 447 1461 ἄχραντον
469 1379 588 1460 πυρί,
607 1373 663 1440 καί
683 1368 735 1440 ὅτι
758 1375 930 1460 ψέγεται
949 1371 967 1440 ὁ
987 1374 1093 1443 εἰπών
1111 1375 1173 1463 τὴν
1191 1377 1352 1462 τοιαύτην

238 1476 364 1562 φιάλην
394 1481 541 1563 ἔκπωμα.
595 1480 748 1563 Δίδυμος
786 1474 849 1563 γὰρ
882 1475 900 1546 ὁ
930 1479 1157 1566 γραμματικὸς
1188 1475 1352 1564 ποτήριον

237 1584 385 1662 χαλκοῦν
409 1575 517 1665 αὐτὴν
545 1576 638 1645 οἶδεν
665 1579 847 1647 ἐκπέταλον
876 1587 945 1647 κτλ.
990 1584 1057 1649 Sed
1078 1606 1120 1648 ne
1141 1583 1195 1646 hic
1217 1582 1350 1669 quidem

236 1684 280 1749 ad
302 1684 460 1749 Meinekii
483 1685 678 1748 sententiam
700 1682 898 1749 fulciendam
921 1684 1098 1772 quidquam
1121 1683 1220 1748 habet
1240 1691 1350 1748 aucto-

237 1786 360 1867 ritatis,
394 1809 467 1850 cum
500 1785 637 1850 eundem
669 1794 797 1850 constet
829 1808 846 1850 e
873 1786 1010 1872 Didymi
1049 1785 1279 1850 commentario
1314 1785 1349 1847 in

237 1887 326 1952 lonis
344 1888 624 1972 Agamemnonem
645 1887 782 1973 petitum
804 1907 886 1951 esse.
946 1934 950 1942 -

323 1988 420 2069 Quod
439 2012 517 2053 vero
538 1998 634 2075 caput
656 1996 715 2069 est,
740 1982 972 2072 ἀντεξηγήσεις
996 1987 1134 2073 Didymi
1152 1988 1193 2052 ab
1216 1988 1348 2073 Hesy-

237 2091 341 2172 chio‚
365 2091 457 2155 cuius
479 2089 519 2152 de
532 2088 677 2153 fontibus
696 2090 774 2154 satis
792 2099 929 2171 constat,
948 2091 981 2153 in
998 2098 1108 2176 partes
1125 2092 1236 2154 vocari
1257 2091 1347 2155 haud

237 2192 333 2257 facile
356 2193 517 2278 quispiam
540 2189 757 2276 crediderit¹).
804 2191 871 2256 Cur
898 2193 1039 2279 denique
1060 2186 1248 2273 περίἼωνα
1268 2195 1347 2256 scri-

120 2373 122 2376 ·
235 2294 350 2358 bamus
378 2312 495 2357 caussa
521 2313 587 2356 non
614 2301 673 2355 est.
718 2292 926 2380 Scripserunt
945 2295 1030 2357 enim
1048 2303 1177 2359 veteres
1199 2290 1238 2358 τὰ
1261 2289 1347 2377 πρὸς

236 2391 297 2460 τὸν
317 2397 412 2460 δεῖνα
433 2388 667 2477 ὑπομνήματα,
685 2404 722 2459 ut
738 2394 939 2482 Porphyrius
955 2395 1107 2459 laudatur
1123 2394 1160 2459 ἐν
1176 2406 1244 2472 τοῖς
1261 2390 1347 2474 πρὸς

236 2495 297 2564 τόν
312 2499 453 2580 Τίμαιον
465 2490 681 2579 ὑπομνήμασι
693 2518 712 2559 a
724 2496 823 2561 schol.
836 2497 964 2562 Platon.
977 2520 1008 2583 p.
1023 2500 1084 2561 438
1096 2497 1203 2560 Bekk.
1218 2506 1249 2560 et
1261 2496 1342 2561 ibid.

191 2672 193 2676 ,
235 2600 407 2678 ἐπίσκεψις
432 2602 501 2663 τῶν
526 2593 610 2680 πρὸς
633 2595 814 2674 Πλάτωνος
840 2602 980 2682 Τίμαιον
1007 2594 1067 2664 ὑπ’
1095 2594 1345 2681 Ἀριστοτέλους

235 2697 484 2787 ἀντειρομένων
499 2694 742 2784 (tortuositate
761 2699 788 2761 F
789 2698 890 2763 abric.
910 2699 991 2765 bibl.
1015 2701 1073 2765 Gr.
1094 2700 1177 2764 VIII
1199 2722 1231 2786 p.
1252 2700 1343 2783 531).

321 2804 410 2886 Quid
421 2804 523 2867 vero?
546 2801 632 2889 quod
644 2823 685 2864 ne
701 2799 742 2864 ad
754 2801 867 2864 lonem
883 2802 1015 2888 quidem
1023 2803 1204 2888 Didymum
1222 2799 1263 2864 de
1277 2822 1345 2862 ma-

233 2906 354 2993 gadide
383 2905 577 2969 sententiam
605 2903 796 2990 exposuisse
825 2911 948 2967 certum
974 2912 1032 2968 est.
1077 2903 1183 2967 Huius
1206 2901 1292 2966 enim
1316 2902 1345 2963 si

233 3008 335 3073 verba
363 3014 473 3071 essent
503 3006 671 3087 continua,
704 3026 786 3091 quae
810 3014 885 3090 post
913 2999 1149 3088 ὑπερτελείους
1179 3005 1344 3087 leguntur,

233 3111 423 3175 Athenaeus
446 3107 610 3173 ἐλλείπειν
633 3096 696 3171 οὖν
718 3108 790 3171 δεῖν
812 3104 960 3188 dixisset,
982 3107 1047 3171 nisi
1061 3105 1167 3187 fallor,
1189 3124 1255 3167 non
1275 3104 1343 3167 δεῖς

233 3211 384 3298 quamvis
409 3231 474 3272 non
502 3210 563 3273 sim
588 3209 717 3272 nescius
741 3207 782 3272 de
808 3207 843 3271 τέ
869 3210 1096 3273 coniunctione
1118 3207 1344 3293 quaestionem

232 3312 357 3377 moveri
380 3312 478 3375 etiam
500 3309 594 3390 alibi,
619 3331 646 3371 e.
669 3332 701 3393 g.
723 3310 757 3373 in
779 3307 919 3391 scholio,
944 3308 1083 3373 fortasse
1102 3308 1277 3393 Didymeo,
1299 3307 1344 3370 ad

233 3414 312 3478 Eur.
326 3413 449 3477 Phoen.
462 3417 503 3475 47
515 3410 580 3475 vol.
594 3409 626 3473 V
639 3433 671 3496 p.
692 3413 728 3473 19
740 3408 855 3472 Matth.
880 3408 933 3473 Of.
956 3409 1124 3473 Mahnium
1138 3408 1178 3472 de
1193 3409 1341 3472 Ariston.

232 3515 365 3580 Terent.
384 3538 416 3601 p.
439 3518 509 3579 136.
540 3512 612 3576 Iam
633 3532 712 3575 vero
734 3508 964 3597 quaerentibus
987 3532 1030 3574 ex
1046 3532 1107 3591 me,
1130 3509 1187 3574 ubi
1209 3509 1343 3574 tandem

300 3738 329 3803 1)
355 3742 407 3806 Ap.
431 3740 552 3805 Hesych.
578 3755 605 3789 v.
631 3735 790 3799 Nauportus
812 3724 906 3800 ὄχθον
928 3752 1023 3787 vereor
1048 3754 1082 3788 ne
1105 3738 1216 3803 Didymi
1243 3752 1343 3788 nomen

230 3825 332 3877 infelici
353 3827 511 3877 coniectura
532 3828 666 3876 intrusum
691 3824 727 3872 sit
754 3838 771 3873 ιι
788 3822 924 3872 Meinekio
943 3822 962 3873 l.
981 3823 999 3873 l.
1023 3839 1072 3888 pro
1090 3815 1229 3888 ποταμόν.
1266 3824 1344 3887 Lego

230 3904 261 3961 oi
276 3904 308 3961 dl
328 3908 393 3976 περί
406 3905 563 3976 Πολέμωνα
574 3903 783 3961 :suessona
805 3907 958 3959 Polemonis
976 3909 1112 3959 Arcadica
1130 3913 1286 3960 sutentatur
1296 3908 1353 3958 Di:

229 3997 335 4064 dymus,
356 3999 433 4048 cuius
453 3997 539 4048 lexico
558 3999 664 4063 tragico
677 3997 749 4046 hunc
767 4010 873 4060 quoque
891 3994 981 4045 locum
999 3994 1082 4044 debet
1099 3995 1264 4060 Hesychius.
1289 3995 1345 4043 Ce-

229 4089 317 4135 terum
336 4089 364 4135 ct
382 4073 501 4146 Γλνφοὶς
521 4081 680 4150 (Γλνφεὶον
699 4087 726 4131 et
745 4079 865 4143 Γννφαί
875 4080 1008 4145 Hesych.)
1029 4086 1057 4130 et
1069 4079 1229 4145 Νυμφαῖον
1246 4068 1346 4143 ὄχθον

229 4170 257 4218 in
275 4139 363 4220 cittii
381 4168 621 4233 Peloponnesiacis
640 4168 742 4218 frustra
763 4166 895 4233 quaesivi.
932 4166 1025 4215 Habet
1050 4169 1193 4231 utrumque
1216 4165 1345 4217 Mueller.

227 4255 293 4306 Dor.
310 4256 339 4305 11
357 4271 383 4320 p.
396 4256 457 4307 4⁴3.
477 4256 607 4304 Fortasse
625 4269 674 4319 pro
692 4245 842 4317 λεγομένας
860 4243 977 4316 Praete
991 4251 1145 4316 Hesychius
1157 4251 1245 4306 voluit
1264 4251 1346 4301 λεον-

225 4337 302 4399 τείας
320 4331 438 4404 γλνφιίς,
457 4339 529 4389 conf.
545 4331 686 4395 λεόντειος
705 4329 804 4403 πόρος.
