2964 5010
597 395 805 447 PRAEFATIO.
866 419 870 424 ¹
1222 402 1260 448 IX

144 544 325 630 Didymum
346 543 427 608 mihi
450 542 613 607 edendum
633 543 805 628 elegerim,
830 549 1042 633 respondebit
1063 552 1258 617 sciscitanti-

144 659 206 724 bus
234 660 429 724 Prodericus
459 657 658 723 Ritschelius
687 661 721 722 in
747 662 919 728 corollario
947 666 990 728 ad
1013 667 1115 752 ipsius
1138 667 1258 737 librum

145 780 186 844 de
213 777 420 843 bibliothecis
448 776 686 850 Alexandrinis
718 779 824 866 deque
852 780 1018 845 Pisistrati
1046 785 1161 849 studiis
1190 785 1257 850 Ho-

144 896 273 961 mericis
300 895 436 960 Bonnae
467 897 548 958 1840
577 894 665 959 edito
685 919 717 982 p.
743 899 799 962 25:
830 898 925 962 ‘Non
953 908 1061 985 potest
1083 900 1258 966 obscurum

144 1036 216 1080 esse
241 1015 391 1077 immane-
412 1021 570 1099 quantum
597 1014 631 1075 in
657 1013 719 1077 hae
742 1025 835 1102 parte
856 1019 1108 1101 grammaticae’
1136 1016 1258 1102 (litera-

144 1154 216 1196 rum
239 1132 319 1196 dicit
335 1129 538 1212 historiam),
560 1137 663 1218 ‘quae
685 1131 728 1195 ad
747 1131 965 1198 describenda
987 1133 1191 1220 disponenda
1210 1137 1259 1200 iu-

145 1250 284 1316 dicanda
303 1249 470 1315 literarum
488 1259 698 1313 monumenta
720 1259 853 1335 spectat,
877 1261 1005 1316 veteres
1027 1251 1101 1316 illos
1115 1250 1259 1317 Alexan-

145 1368 256 1433 drinos
278 1369 496 1454 praestitisse,
524 1368 582 1432 sed
601 1365 702 1431 multo
724 1369 822 1431 etiam
849 1369 1031 1432 tenuiorem
1053 1370 1166 1434 horem
1188 1381 1254 1435 stu-

145 1485 273 1551 diorum
300 1486 491 1550 memoriam
518 1506 577 1571 per
607 1486 757 1547 insecuta
785 1482 916 1547 saecula
937 1483 1260 1572 Byzantinorumque

144 1599 332 1665 barbariem
350 1603 392 1666 ad
414 1603 640 1688 posteritatem
667 1621 739 1663 esse
761 1609 990 1684 propagatam,
1019 1622 1117 1686 quam
1136 1622 1257 1683 eorum,

146 1717 264 1804 quibus
282 1719 355 1804 ipsa
373 1718 471 1799 τέχνη
491 1713 701 1800 γραμματική
717 1714 955 1803 perficiebatur.
989 1716 1055 1797 Qui
1076 1717 1168 1782 loeus
1180 1740 1260 1806 spe-

146 1856 257 1898 ramus
287 1834 358 1899 fore
386 1844 422 1899 ut
448 1835 559 1898 dedita
586 1854 685 1919 opera
711 1833 845 1920 (dignus
869 1845 918 1897 est
938 1835 1038 1917 enim)
1068 1833 1131 1898 hac
1152 1843 1258 1900 aetate

146 1960 393 2039 pertractetur.'
438 1951 560 2015 Verum
581 1951 667 2014 enim
688 1972 767 2015 vero
789 1972 831 2014 ne
849 1951 933 2015 hanc
955 1953 1087 2039 quidem
1109 1951 1259 2038 quamvis

145 2077 277 2132 tenuem
305 2069 485 2134 studiorum
510 2071 713 2152 memoriam,
740 2067 865 2161 absque
885 2068 1031 2156 Didymo
1054 2071 1186 2151 fuisset,
1214 2071 1258 2135 ad

145 2206 205 2250 nos
245 2188 421 2271 propagari
459 2186 624 2272 potuisse,
673 2187 857 2273 quicunque
901 2188 966 2251 viri
1010 2186 1259 2254 laboriosissimi

145 2304 261 2367 merita
288 2324 393 2389 aequa
420 2302 514 2366 lance
536 2304 757 2389 perpenderit,
784 2304 932 2389 profecto
953 2326 1019 2369 non
1041 2304 1102 2369 ibit
1123 2305 1257 2368 infitias.

144 2421 283 2507 Didymi
323 2420 409 2482 enim
445 2442 501 2485 ore
535 2420 711 2507 loquuntur
743 2430 900 2507 quotquot
938 2423 1120 2486 evolvimus
1152 2420 1260 2492 lexica

146 2538 370 2625 glossarumve
395 2539 582 2623 congeries,
613 2548 770 2625 quotquot
797 2560 897 2602 manu
923 2560 1093 2602 versamus
1122 2538 1259 2603 scholio·

146 2680 218 2722 rum
244 2656 494 2721 lectissimorum
525 2656 749 2736 collectiones,
780 2653 920 2740 Didymi
945 2666 1008 2735 est,
1037 2654 1125 2741 quod
1151 2653 1260 2719 Philo-

147 2776 238 2841 chori
260 2775 386 2839 Timaei
398 2774 586 2838 Polemonis
601 2773 757 2836 Mnaseas
780 2771 982 2858 aliorumque
1001 2772 1089 2836 haud
1110 2772 1259 2857 indigno-

146 2915 220 2958 rum
241 2892 382 2958 lectione
410 2893 606 2979 scriptorum
631 2910 732 2977 opera
752 2888 988 2974 quadamtenus
1010 2900 1147 2976 possunt
1167 2893 1260 2956 resti-

147 3013 210 3093 tui,
229 3011 408 3097 Didymum
424 3012 522 3074 tacite
542 3005 721 3093 expilatam
740 3028 812 3070 csse
827 3006 869 3071 ab
885 3007 1074 3073 Herodiano
1089 3008 1260 3074 Athenaeo

148 3128 322 3196 Plutarcho
348 3129 455 3193 Plinio
483 3126 635 3191 vidimus.
686 3123 704 3187 Ι
731 3143 818 3187 nunc
844 3133 878 3188 et
907 3125 1004 3193 laude
1033 3148 1094 3189 sua
1123 3126 1260 3211 dignum

149 3269 222 3312 esse
244 3248 351 3313 virum
367 3247 469 3331 nega!

233 3363 390 3451 Superest
414 3373 451 3428 ut
472 3384 578 3450 pauca
601 3360 778 3447 quaedam,
803 3381 886 3445 quae
908 3360 943 3422 in
962 3358 1174 3424 emendandis
1192 3359 1260 3445 pla·

148 3483 235 3568 gulis
259 3481 464 3566 diligentiam
491 3490 523 3545 et
543 3480 647 3544 aciem
667 3477 832 3545 oculorum
855 3477 1026 3567 fugerunt,
1045 3478 1261 3560 corrigantur,

150 3624 178 3666 e.
194 3623 222 3664 c.
245 3624 278 3688 p.
298 3604 367 3681 tto,
391 3601 431 3690 32
449 3599 644 3686 scripseram
662 3596 845 3662 conicias
864 3616 923 3680 pro
938 3615 986 3676 eo,
1006 3593 1093 3679 quod
1109 3612 1196 3656 nunc
1217 3590 1260 3654 le-

149 3719 238 3802 gitur
265 3718 369 3797 cias,
401 3740 433 3802 p.
457 3716 516 3778 184
544 3737 603 3801 pro
624 3711 750 3795 Κύπρα
778 3711 980 3776 exarandum
1009 3717 1080 3773 crat
1105 3703 1262 3790 Koraos,

149 3859 181 3922 p.
204 3838 266 3900 289
296 3834 317 3897 l.
339 3834 398 3896 ult.
424 3827 598 3914 Ἀλκμᾶνι,
627 3854 659 3917 p.
683 3833 744 3892 319
775 3851 801 3890 s.
826 3826 850 3888 f.
874 3826 978 3888 haud
999 3846 1059 3910 pro
1080 3823 1187 3887 hand
1208 3846 1263 3888 ex-

149 3953 246 4038 primi
279 3949 430 4016 debebat.
476 3947 629 4033 Denique
662 3946 730 4008 suis
760 3942 840 4007 locis
873 3940 955 4004 haec
983 3942 1109 4006 inseras
1139 3940 1263 4005 addita-

151 4079 275 4133 menta:
301 4092 333 4156 p.
364 4073 400 4150 7,
424 4072 442 4133 3
474 4061 737 4151 Agatharchides
767 4058 905 4123 Cinnaei
934 4055 1089 4145 (Κινέου)
1116 4053 1264 4139 &penatis

150 4186 245 4251 Phot.
273 4185 353 4251 bibl.
385 4186 464 4267 213,
492 4183 654 4248 Persaeus
686 4177 830 4243 Zenonis
857 4175 1008 4240 alumnus
1036 4175 1139 4241 Suida
1169 4184 1262 4261 teste,

151 4301 434 4389 ‘Ganymedes
463 4301 690 4365 nutricius'
722 4295 821 4361 schol.
848 4293 982 4359 Vratisl.
1010 4295 1134 4359 Lucan.
1164 4295 1264 4359 Phar·
