2948 5024
243 382 283 443 88

242 568 359 610 nomen
388 546 547 610 festinans
576 543 700 607 librarii
730 544 874 607 calemus
903 543 1044 627 peperit,
1077 540 1187 627 ibique
1217 563 1276 627 pro
1299 540 1353 605 καὶ

206 699 209 706 .
242 645 333 723 Αύας
354 642 394 710 τά
415 651 472 729 τῆς
494 654 514 708 ῑι
537 645 637 710 autB
659 646 750 709 duce·
763 641 817 707 καὶ
831 639 942 722 Λάτης
958 639 1022 718 πρό
1039 645 1096 725 τῆς
1115 643 1353 707 emendandum

243 771 315 813 esee
336 759 393 812 aut
412 747 466 811 καὶ
489 754 507 813 λ
528 751 586 831 τῆς
607 744 741 829 πρώτης
762 746 848 810 vidit
866 744 907 808 G.
931 743 1132 809 Dindorfius.

783 920 813 979 5.

328 1053 408 1117 Hes.
430 1053 463 1117 ΙΙ
485 1057 546 1119 378
571 1050 771 1131 κύναρος·
795 1046 907 1133 φυτόν
929 1074 960 1114 τι
984 1047 1038 1113 καλ
1059 1046 1186 1131 μήποτε
1209 1042 1228 1130 ἡ
1251 1043 1354 1124 κυνὸς

243 1151 344 1236 βάτος
366 1149 421 1218 διὰ
442 1150 478 1219 τό
502 1154 606 1237 τραχύ
628 1151 683 1217 καὶ
705 1146 913 1228 ἀκανθῶδες.
943 1149 1031 1215 κύνα
1053 1148 1117 1233 γάρ
1139 1150 1278 1231 ξυλίνην
1292 1145 1354 1230 τὴν

245 1250 348 1330 κυνός
362 1253 467 1337 βάτον
481 1249 500 1319 ὀ
517 1254 734 1338 Θεόφραστος
756 1257 850 1339 (num
867 1247 972 1337 βάτον
986 1253 1177 1334 θεοφραθιά
1192 1274 1241 1324 τις
1256 1271 1298 1312 an
1315 1243 1353 1313 τό

244 1350 463 1438 θεόχρηστον,
474 1351 511 1420 τό
522 1354 808 1440 Πυθόχρηστονλ)
824 1352 922 1436 λέγει.
937 1351 1074 1437 Didymi
1087 1350 1166 1415 haec
1179 1372 1252 1414 esee
1264 1346 1354 1414 evinss

244 1464 322 1519 cunt
340 1457 459 1521 Athen.
484 1456 520 1520 ΙΙ
540 1480 572 1543 p.
586 1457 668 1522 700
694 1456 846 1521 Eustath.
865 1456 907 1520 ad
925 1453 1046 1540 Odyse.
1071 1454 1197 1533 91822,
1218 1452 1354 1516 1811:

244 1560 315 1639 633,
333 1562 384 1623 43.
407 1558 460 1623 De
478 1559 560 1623 rubo
575 1560 692 1624 canino
712 1558 953 1644 (Hagebutten)
975 1557 1034 1620 cfr.
1052 1554 1193 1621 Casaub.
1215 1554 1258 1618 ad
1276 1555 1352 1618 Ath.

244 1681 275 1745 p.
301 1663 360 1722 144
383 1659 534 1724 Bodaeus
564 1660 606 1726 ad
628 1659 791 1746 Theophr.
814 1682 846 1745 p.
871 1661 943 1722 271.
967 1659 1022 1721 621
1062 1656 1199 1720 Salmas.
1224 1676 1352 1720 exerce.

244 1782 275 1846 p.
307 1763 365 1823 159
393 1769 425 1824 ei
448 1760 578 1826 hemon.
607 1762 673 1848 hyl.
698 1763 770 1824 iatr.
801 1782 830 1823 e.
854 1762 904 1822 59.
950 1759 1109 1838 Fuerunt,
1139 1757 1195 1842 qui
1218 1757 1355 1835 κίναρος

245 1859 439 1942 seriberent,
466 1871 498 1927 et
524 1864 565 1927 de
596 1888 608 1927 ι
632 1873 663 1927 et
684 1886 707 1925 v
734 1862 841 1925 vicem
864 1859 1065 1925 mutantibus
1093 1859 1160 1922 vid.
1184 1856 1355 1940 Tzsehirn.

244 1961 386 2048 Panyas.
409 1985 440 2047 p.
464 1967 494 2028 3.

785 2120 815 2180 6.

317 2251 467 2315 Eustath.
490 2273 521 2338 p.
539 2255 628 2333 1430,
641 2255 678 2316 61
705 2250 760 2317 uei
782 2244 963 2334 άργεμος
982 2248 1082 2328 νόσος
1104 2245 1273 2334 ὀμμάτων,
1291 2245 1353 2333 ἀφ’

245 2340 287 2417 ού
309 2346 466 2435 άργεμα
489 2349 571 2419 κατά
587 2356 778 2437 Δι’θυμον
799 2347 839 2416 τά
859 2352 912 2416 ἐπὶ
932 2346 1123 2436 ὀφθαλμῶν
1145 2353 1353 2437 λευκῶματα,

246 2443 295 2518 ῶν
311 2450 423 2537 μνήμη
446 2458 492 2541 τῷ
504 2453 659 2543 Αἰσχύλῳ
682 2455 720 2520 ἐν
738 2459 804 2542 τῳ·
839 2495 881 2504 -
899 2453 1060 2538 πρόσθεν·
1080 2451 1155 2519 ὅντ’
1174 2452 1353 2539 ἐπάργεμα.

245 2555 377 2622 ἐκεῖθεν
398 2554 453 2620 καὶ
471 2550 576 2640 ύργᾶ
584 2581 674 2634 ντες
695 2562 843 2639 ταῦροι
866 2553 956 2639 παρά
971 2556 1132 2646 Πινδάρῳ
1153 2558 1210 2644 (ef.
1228 2559 1277 2623 Fi.
1291 2560 1354 2624 Lo·

244 2659 341 2724 beck.
368 2657 486 2724 Philol.
516 2660 582 2723 VH
605 2664 617 2722 1
643 2683 675 2746 p.
699 2663 760 2724 205
784 2660 870 2748 sqq.)
893 2658 948 2723 καλ
969 2654 1192 2741 άργαίνειν
1213 2656 1251 2724 τό
1274 2666 1354 2726 λευ-

244 2763 373 2824 καίνειν
392 2754 472 2841 παρ’
497 2756 664 2846 Εὐριπίδη
688 2762 725 2824 ἐν
746 2756 955 2843 Ἀλκμαίωνι.
980 2761 1035 2826 καλ
1057 2766 1211 2846 ταῦρος
1233 2757 1357 2846 άργι-

244 2860 373 2944 μήνης
390 2856 500 2943 ἤγουν
517 2861 638 2938 λευκός
656 2861 738 2944 φασὶ
762 2861 797 2945 (l.
811 2860 907 2948 φησὶ)
929 2858 1019 2943 παρὰ
1029 2868 1187 2952 Φρυνίχῳ
1206 2859 1356 2931 ὁόιακο-

244 2965 342 3045 μίσας
368 2957 430 3043 τὴν
458 2956 639 3046 Εύρύπην.
685 2963 830 3051 Heeyeh.
863 2964 962 3029 1513
990 2960 1242 3049 Ἀργαίνιιν·
1277 2974 1356 3033 λευ-

245 3066 374 3128 καίνειν
398 3058 789 3149 ΕύριπίδηςἍλκμαίωνι
803 3062 859 3133 θιά
875 3070 1037 3152 Ψωφῖδος
1058 3069 1161 3157 (vulg.
1180 3073 1353 3156 ψηφλόος).

243 3164 261 3227 Ι
291 3167 352 3227 515
375 3158 598 3248 Ἁργέμων·
632 3172 701 3233 τῶν
731 3168 768 3233 ἐν
798 3180 868 3245 τοῖς
896 3163 1087 3254 ὀφθαλμοῖς
1118 3169 1354 3255 λευκωμάτων.

244 3266 279 3329 ολ
297 3261 334 3329 δὲ
353 3258 555 3350 ὀφθαλμῶν,
575 3270 675 3357 (melo
687 3266 800 3348 ἁπλῶς
812 3270 912 3354 ὀφθ.)
935 3278 1115 3357 Σοφοκλῆς
1129 3273 1182 3339 ἐπὶ
1200 3272 1355 3362 Ταινάρῳ

243 3371 421 3455 σατυρικῷ.
477 3369 493 3445 Ι
528 3375 589 3437 517
621 3366 868 3456 Ἀργιμήτας
903 3379 1072 3457 ταῦρος·
1117 3374 1296 3459 ταχύμητις
1335 3371 1356 3460 ἢ

243 3464 378 3551 λευκός,
402 3471 619 3555 παραγώγως.
651 3474 780 3559 λέγεται
803 3472 840 3539 δὲ
861 3474 915 3540 ἐπὶ
936 3480 998 3540 τού
1020 3478 1277 3561 διακομίσαντος
1293 3475 1357 3562 τὴν

245 3563 425 3654 Εύρῶπην.
481 3574 497 3636 1
531 3579 611 3640 1314
643 3571 893 3661 Ἐπάργεμα·
936 3572 1068 3660 ὄμματα
1104 3580 1354 3662 τετυφλωμένα.

240 3665 501 3757 Ἐπάργεμος·
528 3671 825 3763 ἀποκεκρυμμένος
848 3672 868 3761 ἢ
890 3678 991 3756 νόσος
1012 3674 1213 3765 ὀφθαλμῶν.
1233 3675 1357 3765 Ἐπάρ-

242 3796 325 3854 γεμα
345 3769 410 3856 γάρ
428 3775 556 3859 λέγεται
578 3778 618 3845 τά
638 3775 780 3864 ὄμματα,
800 3775 883 3845 ὅταν
897 3771 918 3867 ᾖ
931 3784 1171 3866 τετυφλωμένα
1190 3778 1256 3849 ύπό
1275 3790 1356 3849 λευ-

241 3870 421 3957 κωμάτων·
465 3878 521 3944 καὶ
555 3878 664 3947 πάντα
697 3882 734 3948 δὲ
761 3877 801 3947 τά
831 3880 942 3967 τυφλά
967 3882 1021 3948 καὶ
1052 3879 1225 3967 άφῶτιστα
1246 3879 1357 3962 οὕτως
1405 3958 1411 3969 ,

242 3975 405 4144 λέγὲἔταὲ.
433 3978 491 4144 gf.
516 3982 665 4051 Eustath.
688 3986 727 4050 Il.
750 3988 822 4068 427,
846 3988 886 4050 48
910 3994 952 4050 et.
978 4009 1019 4050 m.
1048 3990 1116 4071 135,
1140 3991 1181 4053 36
1206 3988 1355 4053 Erotion.

240 4100 272 4163 p.
358 4101 409 4144 e.
462 4104 508 4147 τι.
