2964 5010
1225 398 1262 458 71

155 566 310 644 corrupta
355 551 632 640 ὀρειχάλκων·
673 559 741 621 των
783 559 855 640 εἰκῇ
893 559 1143 641 δικδεδομένων
1179 556 1264 627 εἶναι

154 654 316 742 τούνομα.
361 658 396 722 ολ
411 652 448 721 δὲ
471 658 606 734 πλείους
626 649 792 741 ὑπάρχειν
812 651 937 724 deuo.
972 660 1041 723 ἔστι
1063 655 1100 722 οὲ
1122 658 1178 724 καλ
1197 655 1263 746 ὕλη

155 756 255 844 ὅμοια
282 761 402 846 χαλκῷ.
448 758 579 824 Deinde
611 751 853 843 ὀρίχαλκος·
903 755 1026 843 χαλκὸς
1051 764 1165 848 χρυσῷ
1195 761 1264 841 ἐοι-

156 858 223 939 κώς
244 856 265 945 ἢ
286 858 392 945 κρήνη
420 853 629 943 ἀρχίχαλκος.
675 859 768 941 Quae
795 861 829 924 in
851 859 938 926 bunc
966 861 1036 926 fere
1062 862 1194 928 modum
1215 886 1264 928 re·

155 964 333 1049 diutegrari
354 982 451 1048 posse
465 961 635 1026 videntur:
655 955 883 1044 ’ορείχοιλκος·
906 962 943 1001 **
965 966 1035 1028 τοῖν
1056 964 1128 1046 εἰκῇ
1149 965 1263 1030 διοιδε-

153 1064 306 1149 6ομένων
328 1062 395 1146 [καὶ
416 1066 540 1146 τούτο].
585 1063 620 1127 ολ
638 1059 676 1127 δὲ
697 1064 835 1142 τελείους
857 1056 1024 1147 ὑπάρχειν
1047 1064 1176 1148 [φασὶν]
1199 1063 1263 1132 αύ-

154 1164 223 1233 τόν.
276 1167 346 1230 ἔστι
377 1162 414 1230 δὲ
443 1159 509 1247 ύλη
541 1157 641 1249 ὁμοία
667 1167 789 1251 χαλκῷ.
841 1165 888 1247 [οἱ
914 1164 950 1230 δὲ
976 1158 1264 1249 ἀνδριαντοποιοῦ

152 1267 324 1352 λέγουσιν]
367 1260 453 1331 εἶναι
497 1259 657 1351 τούνομιι.
724 1265 826 1330 Vides
871 1267 973 1351 igitur
1014 1264 1167 1352 κωμικὴν
1208 1271 1264 1334 λε’-

151 1372 203 1447 ξιν
245 1364 433 1452 σύμμικτον
474 1368 517 1432 ad
559 1366 696 1432 verbum
738 1367 773 1430 in
802 1365 970 1452 Hesychio
1003 1369 1127 1454 inesse,
1175 1373 1263 1438 unde

150 1479 286 1557 apparet
302 1471 466 1556 integrum
488 1491 600 1535 eorum
618 1468 776 1533 iudicium
791 1466 872 1552 fore,
894 1470 950 1555 qui
969 1470 1009 1534 Ο.
1027 1470 1263 1539 Schneiderum

151 1571 400 1657 Nauckiumque
434 1571 538 1635 secuti
566 1567 670 1635 verba
693 1568 752 1632 illa
784 1568 826 1633 ad
860 1568 1100 1636 nobilissimum
1126 1572 1263 1661 Didymi

151 1696 231 1761 opus
254 1673 428 1738 referenda
448 1695 521 1737 esse
543 1678 696 1736 statuent.
740 1668 793 1734 De
807 1669 968 1736 vocabulo
988 1676 1162 1763 συμμίκτμ
1182 1700 1262 1742 vero

151 1775 199 1838 sic
221 1775 348 1856 iudico,
366 1784 403 1837 ut
424 1772 662 1839 emendandum
680 1792 753 1836 esse
772 1773 808 1835 in
829 1775 1026 1856 συμμίκτων
1047 1784 1203 1860 statuam,
1226 1788 1263 1844 ut

150 1875 317 1961 Didymus
338 1873 465 1941 duobus
486 1874 568 1939 locis
590 1874 631 1939 de
657 1872 844 1939 aurichalco
866 1877 1069 1962 exposuerit,
1095 1878 1130 1943 in
1154 1878 1261 1945 lexico

150 1978 276 2042 comico
300 1984 332 2041 et
362 1974 447 2041 libro
475 1974 644 2060 σύμμικτοι
674 1974 914 2059 (συμποσιακά)
947 1979 1124 2065 inscripto,
1163 2002 1260 2068 quem

149 2078 315 2143 breviavit
335 2076 456 2143 Alexio
476 2086 561 2142 teste
579 2078 753 2142 Ammonio
774 2099 806 2141 v.
829 2075 948 2159 γέρων.
1004 2077 1096 2165 Lego
1130 2086 1261 2168 κωμικῇ

149 2180 234 2258 λέξει
266 2183 307 2266 τῇ
335 2174 368 2244 τ’
401 2177 437 2261 η’
453 2181 659 2264 συμμίκτων.
705 2177 803 2259 Quod
830 2179 859 2243 si
885 2180 938 2243 cui
963 2181 1070 2245 minus
1090 2181 1259 2268 placuerit,

148 2282 224 2348 huic
245 2284 385 2348 fortasse
407 2281 566 2347 arridebit
586 2280 748 2346 vocabula
769 2284 899 2366 κωμικῇ
921 2281 1005 2359 λέξει
1028 2285 1069 2369 τῇ
1085 2288 1259 2373 συμμίκτμ

149 2383 336 2470 explicandi
361 2382 443 2448 haec
474 2383 575 2465 ratio,
606 2391 658 2465 ut,
692 2382 721 2446 si
754 2403 819 2468 qua
847 2405 883 2446 re
912 2404 992 2447 vera
1020 2387 1146 2452 exstitit
1174 2387 1259 2464 λέξις

148 2480 277 2569 κωμικὴ
299 2480 484 2569 σύμμικτος
505 2504 526 2547 a
544 2487 674 2569 κωμικῇ
697 2481 780 2560 λέξει
803 2483 944 2565 diversa,
971 2483 1060 2549 illam
1082 2495 1259 2552 eatantum

149 2586 353 2673 complexam
371 2608 444 2651 esse
466 2584 628 2650 vocabula
649 2585 807 2666 dicamus,
830 2605 914 2669 quae
934 2587 1068 2649 comicis
1084 2585 1260 2651 familiaria
1282 2644 1289 2654 .

149 2710 191 2752 ne
213 2687 332 2774 tragici
354 2688 487 2774 quidem
510 2695 632 2774 poetae.
647 2707 781 2773 prorsus
805 2686 1001 2771 respuerint.
1036 2684 1091 2750 Sic
1102 2686 1204 2751 schol.
1217 2687 1258 2752 ad

148 2789 207 2855 Ar.
231 2789 313 2854 Ach.
336 2792 397 2853 270
423 2785 545 2854 κοινὰ
568 2787 605 2853 δὲ
628 2782 669 2852 τὰ
693 2787 832 2851 τοιαῦτα
860 2778 1018 2870 ὀνόματα.
1064 2787 1137 2853 Ηοο
1158 2796 1258 2874 patet,

149 2913 276 2956 errasse
296 2891 486 2956 Fabricium
507 2892 542 2955 in
563 2888 632 2953 ind.
655 2910 718 2953 scr.
742 2889 777 2951 in
798 2886 913 2952 scholl.
936 2888 1000 2974 Ap.
1016 2888 1078 2954 Rh.
1100 2912 1120 2954 a
1140 2890 1258 2955 Schae·

147 2995 218 3059 fero
239 2992 305 3059 vol.
322 2992 356 3056 II
373 3014 405 3078 p.
422 2995 479 3056 641
502 2992 642 3078 repetito
659 2991 832 3075 συμμίκτμ
854 3000 1035 3056 vertentem
1063 2993 1259 3058 ‘secundum

148 3095 296 3161 ordinem
316 3093 555 3180 alphabeticum
576 3113 642 3157 non
664 3091 889 3178 dispositum.'

676 3281 727 3343 35.

230 3398 346 3487 Neque
366 3397 461 3463 aliter
489 3399 531 3464 de
556 3397 660 3464 altero
683 3398 931 3464 scholiastarum
953 3399 987 3463 in
1012 3396 1076 3484 Ap.
1101 3398 1163 3463 Rb.
1187 3399 1258 3464 loco

145 3500 356 3566 iudicandum
380 3501 442 3564 erit
461 3499 506 3564 IV
533 3504 613 3565 1614
649 3502 786 3583 Κυρίως
817 3496 880 3583 μὲν
906 3487 971 3564 οὖν
997 3491 1018 3580 ἡ
1041 3503 1103 3562 τού
1125 3500 1259 3575 λέοντος

146 3594 233 3685 ούρᾶ
255 3594 611 3687 ὁλκαίοι(1.ιίλκοιίιι)
635 3603 775 3685 λέγεται.
820 3602 858 3666 ἐν
881 3599 918 3665 δὲ
940 3602 987 3686 τῷ
1010 3604 1147 3686 κωμικῷ
1169 3603 1258 3678 λεξι-

146 3705 195 3791 κςό
216 3696 259 3768 ού
281 3700 390 3787 μόνον
409 3698 430 3790 ἡ
453 3707 515 3769 τού
536 3702 671 3780 λέοντος
692 3697 780 3784 ociori
798 3697 918 3769 ὁλκαιά
939 3703 1078 3782 λέγεται,
1102 3695 1187 3765 ἀλλὰ
1202 3699 1258 3765 καὶ

147 3807 210 3869 τού
229 3805 337 3871 λκκου
359 3804 415 3873 καὶ
437 3811 499 3871 τοῦ
516 3802 598 3889 βοὸς
624 3803 769 3869 καὶτῶν
792 3803 965 3886 ἐμφεροὶν,
989 3794 1116 3881 ὅσαπερ
1139 3794 1258 3884 ἀλεξη-

147 3910 250 3996 vlup
271 3912 311 3995 τῇ
332 3904 420 3996 οὐρᾷ
442 3891 569 3990 χρῆταί.
605 3906 739 3970 Rectius
761 3907 796 3969 in
818 3900 932 3968 scholl.
957 3899 1031 3965 edd.
1054 3900 1176 3988 ubique
1197 3895 1258 3966 ἆλ-

148 4013 226 4075 uara
250 4012 367 4076 editur.
412 4009 489 4074 Vid.
516 4007 662 4072 Method.
692 4029 743 4094 ap.
771 4014 815 4070 et.
838 4026 880 4067 m.
905 4005 959 4083 66,
986 4005 1005 4064 5
1035 4006 1104 4085 (66,
1132 4005 1164 4086 5)
1193 4003 1258 4068 He-

146 4113 273 4179 rodian.
297 4123 330 4179 et
351 4110 540 4200 Epaphrod.
563 4111 598 4173 in
620 4108 756 4175 Hesiod.
780 4127 825 4172 sc.
844 4125 896 4190 ap.
918 4112 960 4169 et.
980 4102 1067 4170 Gud.
1088 4127 1121 4191 p.
1145 4109 1197 4188 36,
1219 4109 1256 4170 13

147 4214 257 4281 Bekk.
275 4214 414 4280 anecdd.
435 4213 453 4277 Ι
474 4214 547 4296 384,
570 4214 609 4274 24
631 4209 768 4274 Bachm.
791 4206 928 4272 anecdd.
951 4207 1038 4290 176,
1063 4209 1111 4272 19.
1152 4206 1258 4272 Plum.

148 4317 191 4382 ad
223 4317 264 4382 A.
302 4315 410 4382 Persii
443 4315 533 4379 satir.
562 4336 595 4400 p.
630 4316 670 4376 94
703 4312 782 4377 citat
809 4309 850 4376 Il.
886 4316 916 4375 Y
942 4309 1258 4376 170Luoan.1205
