2932 5002
219 391 281 453 344

762 553 885 616 2,.

309 671 418 738 Schol.
434 672 531 737 Hom.
547 676 577 736 A
593 674 652 735 160
671 664 796 734 κείν’·
821 667 908 752 λέγει
931 662 948 731 ὁ
972 665 1122 753 τεχνικὸς
1140 671 1179 736 έν
1200 675 1247 759 τῷ
1274 673 1347 757 (ex-

223 774 346 840 cidisse
369 773 501 838 videtur
518 795 549 855 α,
570 771 614 836 cf.
630 775 660 835 P
673 772 749 860 201)
762 765 987 855 ’ὑπομνήματι
1006 775 1068 836 τοῦ
1083 772 1175 854 περὶ
1195 777 1351 839 παθῶν

221 882 255 943 Δ
262 877 302 941 ιδ
308 871 431 959 άμου·
471 869 512 938 τά
537 868 683 952 ὀξύτονα
705 867 805 957 ἡνίκα
826 870 1022 957 έκθλίβηται
1042 870 1105 958 την
1127 868 1345 959 ὀξυνομένηυ

222 972 395 1061 συλλαβὴν
420 974 474 1040 καὶ
493 971 553 1041 ἐὰν
582 963 604 1061 ἦ
629 967 650 1058 ἡ
678 975 872 1058 έκθλιβεῖσα
900 969 1051 1060 συλλαβὴ
1078 971 1098 1058 ἡ
1123 976 1245 1058 ἔχουσα
1276 971 1343 1059 τὴν

222 1072 335 1156 ὀξεῖαν
356 1081 510 1162 βραχεῖα,
532 1068 553 1159 ἡ
575 1074 613 1141 δὲ
634 1069 742 1141 ὀπίσω
763 1071 914 1160 συλλαβὴ
937 1071 1040 1157 φύσει
1061 1074 1189 1160 μακρά,
1211 1078 1261 1163 τῷ
1274 1099 1344 1140 το-

222 1182 306 1268 νικῷ
328 1177 576 1260 παραγγέλματι
598 1177 746 1258 γίγνεται
769 1169 1038 1258 περισπώμενον.
1082 1178 1229 1262 περισπᾷ
1248 1179 1342 1258 γοῦν

220 1279 258 1348 τό
282 1282 386 1366 δῆλον
410 1278 534 1366 (Heyn.
555 1275 665 1361 δείλ’).
686 1274 725 1340 έν
746 1276 783 1342 δὲ
805 1280 845 1363 τῇ
861 1271 1024 1364 Ὁμηρικῇ
1044 1277 1217 1364 προσῳδίᾳ
1232 1274 1340 1340 έναν-

221 1384 351 1446 τιοῦται
373 1376 492 1468 τούτῳ.

761 1483 791 1543 3.

306 1599 414 1666 Schol.
438 1602 468 1662 P
487 1600 545 1664 201
572 1601 662 1683 ζητεῖ
681 1591 699 1663 ὁ
718 1590 925 1683 Ἡρῳδιανός
947 1594 985 1659 έν
1007 1599 1053 1682 τῷ
1075 1620 1097 1661 α
1120 1590 1342 1681 ὑπομνήματι

221 1707 284 1770 τοῦ
306 1701 383 1786 περὶ
402 1703 525 1766 παθῶν
540 1706 573 1767 Δ
580 1701 620 1765 ιδ
627 1695 734 1782 ύμον
756 1697 832 1781 περὶ
852 1698 915 1761 τοῦ
939 1684 961 1760 ά
982 1691 1096 1780 δείλ’,
1116 1700 1187 1774 πῶς
1205 1698 1261 1763 δεῖ
1278 1720 1342 1762 το-

221 1805 324 1883 νίζειν
346 1796 447 1885 αὐτό,
478 1805 536 1867 καί
556 1817 657 1886 φησι·
677 1796 765 1866 πολδ
788 1798 825 1866 δὲ
846 1793 1013 1884 πρότερον
1035 1793 1125 1882 παρά
1148 1801 1195 1886 τῷ
1216 1802 1342 1885 ποιητῇ

222 1905 292 1971 έστι
310 1900 347 1969 τό
370 1906 429 1987 τῆς
445 1897 685 1985 άναγνάσεως·
710 1891 745 1967 ’ά
761 1895 847 1966 δείλ’
863 1894 946 1965 ου’δέ
961 1902 995 1965 τί
1009 1923 1061 1966 τοι
1072 1896 1247 1984 θάνατος’,
1266 1892 1287 1984 ἢ
1305 1891 1344 1966 ‘ri

222 2000 304 2071 δείλ’
335 1999 448 2069 οὐδέτι
469 2026 521 2068 τοι
544 1998 723 2082 θάνατος’.
763 1998 801 2068 τό
822 1999 887 2086 γάρ
910 1999 1034 2085 πλῆρές
1063 2000 1154 2065 έστιν
1182 1990 1204 2065 ά
1233 2003 1338 2068 δειλέ.

222 2101 264 2171 οὐ
284 2101 360 2188 γάρ,
385 2097 430 2181 ὥς
457 2103 491 2167 οί
509 2100 766 2188 ἐξηγησάμενοι,
788 2106 851 2168 τοῦ
871 2104 995 2168 δείλαιε
1014 2095 1179 2186 ἀποκοπή.
1203 2101 1242 2168 ἐν
1263 2103 1340 2169 ἑτέ-

222 2230 294 2290 ροις
322 2200 386 2288 γάρ
415 2197 517 2280 αάτδς
542 2204 631 2287 λέγει
659 2192 701 2268 ’ά
724 2199 842 2288 δειλά,
873 2206 907 2269 τί
925 2227 969 2269 νυ
994 2199 1102 2287 δάκρυ
1124 2207 1341 2290 κατείβετον’

223 2307 264 2394 (ν
286 2308 342 2394 86)
364 2304 626 2391 περιγέγραπται
648 2293 714 2371 οὖν
735 2301 756 2389 ἡ
778 2299 879 2390 ὀξεῖα,
903 2299 971 2371 εἶτα
992 2301 1048 2369 καὶ
1069 2298 1259 2384 ἀνάπαυσις
1280 2308 1342 2389 γε’-

222 2430 324 2491 γονεν
350 2405 416 2472 κτὲ.
462 2407 514 2473 cf.
545 2412 576 2472 A
599 2412 678 2492 441,
712 2407 800 2473 unde
823 2407 978 2472 discimus
998 2405 1225 2470 Aristarchum
1247 2409 1344 2475 δειλέ

223 2509 393 2595 scripsisse
415 2507 452 2573 έκ
473 2504 633 2591 πλήρους.

306 2611 454 2696 Apparet
471 2609 548 2674 hinc
568 2609 759 2697 Didymum,
779 2619 816 2674 ut
836 2612 892 2696 qui
912 2614 1069 2672 statueret
1090 2603 1173 2672 δειλ’
1190 2631 1339 2698 apocope

221 2720 333 2775 natum
357 2733 468 2776 essee
490 2711 626 2795 δείλαιε,
650 2711 810 2800 syllabam
826 2709 1071 2775 circumflexam
1089 2713 1338 2795 pronunciasse.

222 2811 275 2877 Of.
299 2810 414 2875 Motth.
436 2834 486 2897 gr.
510 2812 569 2877 Gr.
591 2812 608 2876 I
629 2835 662 2899 p.
682 2815 723 2877 86
745 2817 777 2894 ξ.
800 2814 852 2876 30.

306 2911 361 2975 Ex
391 2910 454 2976 hoe
486 2912 563 2997 περὶ
595 2916 718 2978 παθῶν
748 2934 847 2999 opere
873 2911 962 2977 haud
995 2914 1063 2978 scio
1091 2935 1134 2976 sn
1159 2914 1342 3000 profecerit

222 3012 430 3077 Herodianus
457 3036 510 3101 sp.
533 3023 575 3078 et.
598 3037 641 3078 m.
667 3015 737 3096 148,
760 3014 779 3076 8
813 3007 1091 3097 άρπεδόεσσα·
1123 3007 1254 3098 ἡάγαν
1275 3025 1342 3081 πε-

222 3108 299 3195 δινὴ
317 3112 380 3198 (sic
391 3112 645 3179 Sehleussnerus
659 3115 701 3179 sd
713 3122 755 3178 et.
767 3112 854 3180 Gud.
867 3116 944 3202 762)
962 3111 1045 3180 κατά
1057 3113 1233 3200 συγκοπὴν
1244 3112 1340 3200 παρά

222 3210 259 3278 τό
283 3235 340 3298 αρι
359 3215 573 3299 συγκειμένη.
595 3217 746 3281 πέπονθε
768 3215 816 3300 δέ,
837 3217 894 3280 ’ίνα
918 3216 1033 3304 (vulgo
1055 3217 1111 3282 ίνα
1133 3215 1193 3301 μή)
1214 3223 1340 3302 σημαί-

221 3334 320 3395 νηται
347 3305 478 3397 ἡάγαν
503 3307 611 3398 ὁμαλὴ
639 3310 729 3392 ὁδός.
764 3313 850 3381 ὀδοῦ
871 3313 937 3401 γάρ
960 3316 1052 3382 ἐστιν
1073 3317 1242 3384 ἐπίθετον.
1275 3319 1340 3384 πέ-

222 3420 333 3479 πονθε
362 3413 399 3480 δὲ
429 3408 552 3499 ὁμοίως
578 3419 625 3503 τῷ
652 3413 793 3501 έρθιίρις
823 3420 1010 3502 Αίολιιιοίς,
1040 3416 1195 3504 έριθυρίς
1223 3412 1290 3503 γάρ
1316 3414 1339 3504 ἡ

221 3513 348 3600 μεγάλη
363 3519 475 3599 θυρίς.
498 3511 607 3596 οὕτως
620 3511 839 3605 Ἡρῳδιανός,
862 3519 917 3584 καὶ
932 3519 1135 3604 Δίδυμος,
1158 3514 1212 3585 ὅτι
1229 3514 1340 3603 άρπε-

217 3616 295 3699 ,δες,
326 3606 370 3680 οὖ
390 3617 551 3703 μέμνηται
575 3620 768 3705 Νίκανδρος
790 3620 828 3684 έν
848 3626 1026 3704 θηριακοίς
1055 3622 1101 3707 (v.
1119 3621 1198 3699 420)
1231 3619 1341 3706 εκάρη

220 3739 258 3800 γε
281 3713 344 3801 μὲν
369 3712 512 3802 άρπεδες
538 3715 680 3799 οὕτως’·
705 3760 748 3774 -
770 3716 845 3787 ἀλλ’
870 3716 1102 3805 ὁΝίκανδρος
1121 3715 1198 3796 sse
1219 3720 1348 3788 έπιτά-·

221 3833 306 3896 σεως
327 3815 433 3902 μόνης
451 3821 547 3887 δοκεῖ
562 3818 624 3907 τὴν
645 3824 735 3902 λέξιν
758 3820 1044 3908 παραλαμβάνειν.

305 3920 459 3985 Fortasse
498 3925 619 3988 rectius
653 3924 782 3990 sublata
811 3926 1044 4012 punctuatione
1074 3922 1195 4009 legitur
1215 3918 1342 4002 ositos

214 4007 422 4108 Ἠρηιδιανδς
443 4020 499 4087 καί
519 4025 671 4108 Δίδυμος
691 4026 723 4090 h.
747 4049 776 4091 e.
792 4027 968 4114 Didymus,
991 4026 1043 4090 cui
1062 4007 1222 4090 calculuni
1244 4025 1342 4090 addit

216 4226 384 4277 Lobsckium
403 4227 487 4278 etiem
510 4218 604 4294 άιορτο
623 4231 658 4281 οδ
675 4227 748 4295 αἴρω
768 4223 854 4296 άείρω
872 4233 975 4284 referre
994 4233 1022 4281 in
1040 4233 1155 4283 rhemst.
1169 4248 1202 4307 p.
1220 4234 1284 4284 224.
1304 4261 1340 4275 -

214 4310 283 4367 Loci
300 4327 355 4364 non
368 4312 507 4369 immemor
524 4319 584 4371 eret
602 4315 733 4374 Ritsehel.
754 4317 788 4376 tle
807 4318 862 4372 Oro
881 4323 907 4386 ς.
928 4320 964 4369 24
981 4335 1009 4392 p.
1022 4317 1065 4371 00.
1078 4319 1123 4377 01.
