2962 5018
1177 419 1239 484 333

125 594 194 658 thei
209 615 327 657 noman
339 594 479 659 inditum
501 594 609 676 faerit,
631 595 730 680 inque
749 592 990 656 matrimonium
1014 590 1149 654 duxisse
1162 612 1242 657 uxo-

127 715 195 758 rem
219 716 237 758 e
259 697 414 782 prosapia
434 695 526 761 Olori
551 694 712 758 Thraciae
734 695 833 779 regis,
852 691 883 755 h.
909 712 937 755 e.
959 691 1060 756 filiam
1081 690 1241 760 Miltiadis

128 804 161 859 et
181 794 419 882 Hegesipyles,
451 796 597 862 Cimonis
619 817 763 860 sororem
785 795 942 858 maiorem
968 802 1057 857 natu.
1104 792 1241 858 Constat

127 898 213 961 enim
244 897 388 962 Miltiadi
418 896 646 984 Hegesipylen
680 898 831 984 nupsisse
867 917 897 959 a.
927 898 1036 982 alost,
1071 895 1240 962 Cimonem

126 1020 205 1063 vero
227 1006 303 1062 ante
324 1020 353 1062 a.
376 1001 438 1062 504
463 997 568 1063 lucem
590 1021 655 1064 non
685 999 819 1063 vidisse.
863 998 973 1085 Atque
991 995 1112 1063 filiolae
1134 998 1240 1079 huius,

128 1101 163 1163 ni
194 1099 305 1182 fallor,
339 1099 550 1164 Marcellinus
578 1104 609 1181 §-
643 1103 681 1163 12
713 1101 876 1183 meminit,
909 1097 1070 1165 vocabulo
1105 1103 1241 1167 παιδίον

126 1223 216 1283 usus,
238 1201 325 1289 qnod
349 1200 389 1265 de
408 1199 544 1265 Cimone
562 1223 628 1267 non
649 1211 756 1290 potest
777 1199 935 1286 intellegi.
980 1200 1096 1290 Itaque
1111 1203 1241 1291 Thucy-

128 1302 222 1367 dides
244 1325 280 1366 re
301 1324 382 1368 vera
400 1296 586 1385 ἀπέμγονος
607 1313 658 1369 est
679 1303 853 1384 Miltiadis,
882 1304 1155 1389 quemadmodum
1173 1305 1240 1370 Do-

127 1414 265 1492 xopater
288 1405 424 1470 tradidit
448 1406 557 1469 minus
583 1405 789 1469 considerate
811 1401 866 1468 καί
893 1407 1051 1489 Κίμωνος
1078 1408 1240 1492 adiciens,

128 1507 350 1594 fallunturque
378 1507 496 1594 quihus
523 1505 577 1571 vel
599 1506 718 1582 υίθούς
739 1506 793 1570 vel
819 1510 1050 1589 θυγατριδοῦς
1077 1508 1132 1573 vel
1154 1504 1240 1575 ἀπό-

129 1631 231 1691 γονος
259 1609 351 1673 audit
373 1607 596 1694 Thucydides.
646 1605 742 1686 Quod
767 1608 795 1671 si
822 1607 999 1674 lectoribus
1020 1609 1240 1696 probavimus,

130 1719 233 1774 mater
254 1712 338 1791 aius,
361 1709 522 1796 siquidem
545 1711 575 1773 si
595 1707 815 1796 Hegesipyles
835 1732 954 1775 nomen
973 1720 1053 1795 erat,
1075 1711 1162 1777 haud
1184 1713 1242 1777 du·

129 1811 184 1875 bie
204 1811 350 1875 Cimonis
370 1832 413 1875 ex
435 1810 587 1897 Elpinice
609 1832 719 1877 sorore
741 1810 810 1874 filia
831 1810 908 1896 suit,
937 1835 1118 1902 nomenque
1139 1814 1242 1879 Thra-

129 1914 216 1978 ciam
246 1912 288 1978 ab
320 1934 383 1977 ava
415 1914 552 1999 accepit.
597 1911 700 1977 Simul
728 1911 804 1976 hinc
832 1911 938 1978 lacem
964 1916 1129 2001 acceperit
1155 1916 1243 2003 quod

129 2024 241 2080 namat
267 2014 435 2079 Plutarch.
462 2013 546 2079 Cim.
570 2036 598 2078 c.
618 2018 656 2096 4,
686 2012 913 2102 Thucydidem
931 2016 967 2080 in
991 2016 1139 2082 Cimonio
1161 2039 1241 2103 agro

130 2139 230 2205 prope
252 2117 427 2204 Elpinicen
453 2114 615 2202 sepultum
647 2137 720 2180 esse
759 2112 849 2200 παρὰ
883 2114 944 2183 τὸν
970 2121 1029 2203 τῆς
1055 2113 1242 2203 Ἐλπινίκης

130 2221 189 2302 τῆς
203 2221 358 2302 Κίμωνος
379 2212 528 2302 ἀδελφῆς
548 2214 668 2300 τάφον.
714 2218 868 2284 Ceterum
889 2219 971 2285 alter
995 2223 1093 2286 etiam
1112 2220 1241 2309 Thucy·

131 2319 243 2402 dides,
258 2320 415 2385 Melesiae
433 2319 536 2401 filius,
556 2318 703 2383 Cimonis
722 2341 824 2403 gener
847 2321 968 2386 dicitur
988 2321 1089 2388 schol.
1109 2323 1153 2387 ad
1167 2324 1241 2386 Ari·

132 2420 208 2484 stid.
232 2420 285 2484 111
306 2443 339 2507 p.
361 2425 424 2485 446
446 2419 497 2484 ed.
521 2419 624 2483 Dind.
646 2418 733 2484 Plut.
757 2420 876 2484 Pericl.
897 2443 925 2485 c.
948 2422 1016 2505 XI,
1046 2445 1242 2511 quamquam

132 2521 343 2607 Thucydides
366 2521 459 2586 Olori
484 2521 508 2585 s.
536 2523 571 2585 in
593 2523 660 2586 suis
687 2521 896 2587 historiarum
923 2522 1031 2606 libris,
1057 2526 1092 2588 in
1124 2523 1243 2611 quibus

134 2623 214 2688 locis
244 2622 499 2711 aliquammultis
523 2624 727 2708 cognominis
748 2621 837 2687 illius
860 2626 1057 2691 mentionem
1081 2625 1168 2708 fecit,
1191 2649 1243 2691 co·

132 2726 297 2810 gnationis
323 2734 356 2789 et
375 2725 627 2790 necessitudinis
649 2722 784 2789 vincula
799 2746 865 2790 non
886 2737 1135 2811 commemorat,
1159 2750 1242 2815 quaa

134 2829 241 2915 ipsum
262 2850 335 2892 cum
357 2848 478 2913 genere
501 2827 648 2890 Cimonis
674 2825 926 2912 coniungebant.

217 2930 310 2995 Haec
323 2929 493 2995 hactenus.
516 2929 616 2995 Plura
631 2930 763 3018 quidem
785 2930 989 3017 inpromptu
1009 2930 1114 2995 haheo
1138 2952 1244 2995 emen-

135 3033 263 3098 dandas
286 3041 318 3097 et
343 3032 557 3119 explicandae
583 3031 768 3097 Marcellini
791 3031 994 3120 Thucydidis
1016 3033 1104 3096 vitae
1128 3034 1244 3120 (maxi-

134 3154 237 3215 mam,
259 3135 288 3197 si
320 3135 398 3220 quid
419 3135 532 3218 video,
562 3145 687 3222 partem
709 3157 752 3200 ex
770 3134 925 3221 Asclepio
953 3136 1024 3199 sive
1045 3134 1243 3223 Asclepiade

133 3234 279 3323 sophista
294 3236 502 3324 compilatas)
524 3239 702 3325 aptissima,
715 3237 775 3302 sed
795 3257 889 3324 quae,
910 3237 988 3323 quia
1008 3237 1051 3302 ad
1063 3237 1244 3324 Didymum

133 3360 248 3425 parum
267 3339 440 3425 pertinent,
461 3340 605 3427 prudens
627 3342 749 3406 omitto.
776 3339 886 3404 Unum
908 3337 1004 3421 addo,
1027 3362 1068 3403 ne
1090 3340 1245 3426 anonymi

135 3439 338 3529 Thucydidis
364 3442 450 3525 vita,
473 3463 493 3505 a
515 3441 766 3508 Westermanno
789 3440 967 3527 perpolita,
990 3443 1119 3505 macula
1139 3441 1244 3525 inqui-

134 3550 229 3605 netur
247 3542 337 3607 uullo
357 3545 488 3630 negotio
507 3543 742 3629 abstergenda,
763 3546 794 3623 ξ.
816 3547 835 3606 5
857 3565 889 3629 p.
912 3544 969 3605 201
992 3542 1047 3606 W.
1069 3540 1243 3626 legendum

134 3663 207 3705 esse
243 3640 305 3706 eat
333 3642 369 3708 δὲ
393 3646 414 3709 δ
442 3645 479 3708 αί
500 3645 619 3729 ἐφεξῆς
644 3643 744 3728 μάχαι
770 3643 817 3729 (h.
841 3666 868 3708 e.
896 3643 1066 3730 τέσσαρες)
1099 3665 1157 3729 pro
1181 3640 1244 3707 εἰσί

135 3740 172 3808 δὲ
208 3743 246 3807 αἱ
273 3749 342 3809 ατί.
388 3747 494 3811 Simili
522 3746 618 3811 modo
647 3747 680 3809 in
709 3744 829 3808 Athen.
862 3741 897 3806 II
924 3767 956 3831 p.
981 3748 1019 3807 71
1055 3744 1083 3806 B
1119 3735 1166 3820 εἷς
1195 3736 1244 3808 ὢν

135 3847 205 3909 τοῖν
223 3840 441 3931 Ἀριστάρχου
461 3851 523 3911 τοῦ
544 3846 778 3930 γραμματικοῦ
800 3848 963 3927 μαθητῶν
978 3844 1116 3909 fortasse
1134 3843 1245 3930 legen·

135 3946 212 4011 dum
240 3957 304 4013 est:
334 3973 358 4033 μ
384 3951 563 4032 μαθητῶν,
597 3946 670 4012 coll.
705 3946 796 4011 Suid.
831 3944 983 4033 (Aristid.
1010 3947 1070 4034 sit.
1093 3968 1145 4034 ap.
1168 3947 1245 4011 We·

136 4058 247 4114 sterm.
271 4073 303 4137 p.
326 4052 403 4134 323,
427 4052 467 4115 32
489 4055 509 4116 λ
530 4049 642 4132 λέγειν
665 4050 824 4136 στίχους).

676 4238 707 4300 7.

221 4355 378 4441 ‘Didymi
407 4355 656 4420 commentarios
676 4355 710 4418 in
735 4352 963 4441 Thucydidem
981 4375 1142 4441 nusquam
1163 4355 1246 4421 rela-
