2932 5002
197 393 260 457 398

198 560 438 635 κατοικοῦντας
464 551 554 622 οὕτω
584 557 741 641 λέγεσθαι
764 556 820 622 διὰ
845 553 883 622 τὸ
902 557 1080 642 λιμωττειν
1102 559 1157 624 καὶ
1178 566 1314 643 μοχθη-

197 657 263 746 ρὰν
285 661 373 744 ἔχειν
395 657 531 742 ταύτην.

281 764 441 828 Breviora
463 762 620 827 exhibent
636 762 730 827 Phot.
752 763 843 828 Suid.
866 763 896 827 A
915 763 1060 849 Didymo
1083 762 1225 828 discedit
1246 764 1314 848 pri·

195 888 251 929 ore
273 868 435 930 sententia
454 874 584 952 arrepta
605 864 771 929 Plutarch.
794 874 879 929 cent.
902 865 919 927 Ι
941 868 981 928 34
1003 888 1035 950 p.
1058 867 1120 929 326
1142 865 1182 930 0.
1195 865 1312 929 Muell.

196 968 277 1032 Dor.
304 967 319 1031 1
346 970 415 1032 102.
461 968 514 1032 ef.
537 992 569 1055 p.
594 970 645 1032 34.
703 1056 721 1114 5
757 1054 777 1116 6
1281 984 1294 1007 ·

279 1171 366 1259 App.
391 1171 510 1237 Provv.
534 1171 583 1235 IV
606 1173 657 1235 26.
682 1173 722 1235 29
752 1169 817 1234 vol.
839 1170 855 1233 Ι
878 1172 951 1233 439.
972 1173 1035 1233 449
1057 1163 1143 1235 ὄνου
1171 1166 1250 1235 σκια’
1278 1181 1313 1236 et

196 1266 273 1349 ὅξος
299 1268 472 1355 Σφήττιον
508 1293 526 1335 ο
553 1271 698 1358 Didymo
728 1271 865 1335 fluxisse
894 1281 1030 1357 apparet
1059 1294 1101 1335 ex
1124 1270 1311 1357 Harpocra-

195 1376 298 1456 tione‚
326 1375 374 1437 uti
402 1373 591 1438 observavit
613 1373 817 1438 Schneidew.
850 1374 882 1436 in
912 1373 1015 1460 praef.
1050 1397 1083 1459 p.
1112 1391 1184 1437 x1v.
1229 1374 1308 1438 Vid.

194 1484 367 1540 comment.
389 1476 424 1539 II
446 1476 486 1540 de
508 1476 663 1564 hypomn.
684 1476 781 1541 rhett.
803 1498 834 1563 p.
858 1479 931 1540 311.

731 1668 760 1728 7.

280 1783 388 1849 Schol.
405 1782 487 1847 Plat.
506 1781 630 1870 Oratyl.
656 1804 688 1869 p.
712 1785 773 1847 369
796 1779 906 1845 Bekk.
935 1775 1090 1864 χαλεπὰ
1116 1776 1162 1845 τὰ
1190 1777 1306 1845 καλά.

195 1891 354 1970 παροιμία
391 1883 444 1950 ἐπί
471 1888 539 1949 των
567 1883 605 1949 ἐν
634 1878 801 1970 εὐπραγίᾳ
825 1881 1126 1967 μεταβαλλομένων
1147 1885 1194 1960 είς
1214 1878 1309 1967 ὠμό-

193 2013 283 2072 τητα.
329 1990 411 2071 φησὶ
436 1985 472 2050 δὲ
495 1980 604 2071 αὐτὴν
624 1989 817 2070 Δίδυμος
845 1979 912 2051 ὑπὸ
936 1981 1096 2062 Σόλωνος
1122 1979 1309 2069 ἀναφανη-

193 2093 299 2173 onom
327 2087 381 2153 ἐπὶ
408 2085 564 2175 Πιττάκῳ
589 2084 774 2153 ἱκετεύοντι
801 2082 863 2171 τὴν
893 2083 1000 2174 ἀρχὴν
1029 2082 1221 2153 ἀποθέσθω
1251 2088 1308 2152 καλ

195 2186 315 2274 φάντι·
338 2186 486 2274 χαλεπὸν
508 2183 634 2255 ἐσθλὸν
656 2193 780 2274 φῦναι,
806 2186 862 2255 διὰ
885 2188 922 2256 τὸ
945 2185 1006 2255 τὸν
1025 2192 1240 2274 Περίανδρον
1261 2193 1310 2267 είς

194 2286 349 2377 ὠμότητα
367 2296 581 2377 μεταβαλεῖν·
605 2286 708 2376 ὅθεν,
731 2286 840 2376 οἶμαι,
868 2291 951 2376 φησί
973 2292 1029 2358 καὶ
1052 2292 1271 2376 Μένανδρος·

360 2389 445 2480 ἀρχὴ
468 2399 606 2480 μεγίστη
625 2398 694 2460 τῶν
716 2395 755 2460 ἐν
776 2388 974 2478 ἀνθρώποις
995 2397 1109 2460 κακοῖν

361 2492 475 2581 ἀγαθοὶ
496 2493 536 2563 τὰ
559 2501 636 2564 λίαν
657 2492 780 2581 ἀγαθά.

195 2598 357 2684 μέμνηται
386 2597 423 2664 δὲ
455 2592 559 2684 αὐτῆς
583 2598 638 2665 καὶ
663 2594 860 2684 Ἐπίχαρμος
894 2598 949 2664 καὶ
979 2595 1122 2664 Πλάτων
1148 2601 1310 2685 Πολιτεία

195 2703 250 2765 καί
271 2699 448 2791 Κρατύλῳ.

283 2804 334 2867 Of.
360 2803 562 2869 Schneidow.
592 2806 633 2870 ad
663 2804 821 2870 Simonid.
843 2828 876 2890 p.
902 2807 940 2868 19
963 2826 1034 2890 sqq.
1064 2812 1095 2866 et
1116 2802 1159 2867 od
1180 2801 1309 2867 Zenob.

196 2906 245 2970 VI
266 2908 306 2969 38
328 2907 394 2972 vol.
418 2906 435 2970 Ι
453 2930 485 2994 p.
512 2911 582 2972 172.
605 2910 678 2973 462.
732 2993 751 3055 8

281 3108 380 3171 Mioh.
403 3109 518 3195 Apost.
551 3110 646 3176 Ceut.
677 3111 764 3175 XIX
793 3115 829 3174 41
861 3134 893 3197 p.
917 3112 975 3172 241
1005 3109 1077 3173 Elz.
1117 3111 1147 3172 T
1150 3104 1309 3190 ορώνη·

199 3211 310 3274 Δίδυ
318 3205 370 3293 μό
378 3234 394 3286 ς
421 3227 543 3295 φησιν,
573 3208 625 3278 ὅτι
654 3216 814 3299 παροιμία
841 3209 932 3276 ἐστίν
954 3208 1007 3275 ἐπὶ
1030 3214 1099 3275 τῶν
1125 3203 1312 3293 ἁρμοζομέ-

197 3333 268 3374 νων
297 3310 351 3376 καί
378 3307 676 3397 σεμνοποιούντων
707 3309 848 3392 ἑαυτοὺς
870 3309 955 3397 πρὸς
980 3310 1019 3377 τὰ
1042 3310 1184 3376 ἐναντία.
1229 3306 1314 3374 Ἰσο-

198 3409 322 3497 κράτης
349 3414 388 3478 δέ
413 3431 495 3499 φησι
523 3414 623 3481 πόλιν
645 3411 730 3482 εἶναι
759 3415 796 3481 ἐν
819 3414 945 3502 Θρᾴκῃ.
992 3415 1044 3479 Of.
1067 3422 1148 3477 nott.
1165 3411 1312 3495 Diogen.

198 3513 229 3577 V
241 3515 281 3577 43
293 3513 385 3578 edd.
401 3525 433 3580 et
446 3516 480 3581 S.
507 3516 558 3582 De
570 3518 669 3583 Mioh.
685 3518 750 3606 Ap.
767 3517 887 3582 XVIII
905 3519 945 3579 49
960 3537 992 3601 p.
1009 3516 1070 3577 227
1088 3513 1131 3578 cf.
1147 3512 1212 3577 lex.
1226 3534 1311 3575 com.

198 3639 229 3702 p.
252 3620 304 3681 46.

683 3709 727 3793 (9.
753 3707 818 3790 ιο.)

282 3823 404 3888 Omitto
432 3823 538 3886 sciens
568 3822 668 3888 schol.
688 3824 747 3886 Ar.
769 3820 878 3884 Nubb.
912 3823 971 3883 133
994 3818 1120 3882 Musur.
1149 3825 1180 3881 et
1198 3816 1314 3883 Tzetz.

199 3922 339 3988 Chiliad.
363 3924 446 3987 VIII
474 3924 505 3987 h.
531 3928 590 3987 159
611 3947 644 4010 p.
666 3928 728 3989 297
758 3922 895 4004 Kiossl.‚
930 3923 985 4007 qui
1003 3920 1184 4007 Didynmm
1205 3920 1315 4007 ipsum

199 4047 264 4088 non
284 4026 449 4109 adierunt,
476 4028 533 4089 sed
556 4027 694 4092 Zenobii
717 4027 819 4091 nostri
840 4025 1038 4107 farraginem
1059 4021 1258 4108 expilornnt.
