2962 5024
216 420 276 481 180

754 584 774 640 4

300 701 456 764 Ammon.
468 699 508 763 de
521 696 693 777 diffluerb.
706 720 738 782 p.
753 698 793 759 89
809 694 860 758 ed.
874 694 992 759 Valck.
1004 700 1260 779 λῃτουργεῖν
1271 693 1329 755 δια

217 791 321 884 τοῦη
343 800 398 866 καὶ
418 806 609 882 λιτουργεῖν
628 791 684 862 διά
706 801 768 861 τοῦ
787 823 799 861 ι
820 795 990 878 διαφέρει,
1010 795 1092 878 φησὶ
1115 795 1269 877 Δίδυμος
1291 793 1329 856 ἐν

217 896 431 985 ὑπομνήματι
452 895 630 1000 βἸλιάδος.
654 896 691 963 τὸ
713 895 775 982 μὲν
795 893 860 980 γάρ
881 903 1082 980 λῃτουργεῖν
1106 893 1143 959 τό
1166 899 1212 983 τῷ
1234 890 1329 980 δήμῳ

217 997 405 1088 ὑπηρετεῖν.
450 1005 553 1085 λήτον
574 999 638 1084 γάρ
662 1018 744 1083 φασι
764 995 801 1064 τὸ
824 994 988 1080 δημόσιον
1019 995 1154 1079 1λήῖτον
1175 990 1329 1080 ἀμφεπέ-

218 1110 350 1185 νοντο’,
372 1097 409 1166 τό
433 1101 469 1167 δὲ
492 1110 683 1183 λιτουργεῖν
703 1095 789 1164 κακά
811 1099 931 1180 λέγειν.

303 1203 421 1268 Valok.
446 1227 477 1289 p.
496 1206 554 1265 144
578 1207 786 1283 λειτουργεῖν
809 1197 864 1264 διά
886 1202 948 1264 τοῦ
972 1222 1000 1263 ει
1022 1236 1065 1249 -
1086 1203 1198 1263 λεῖτου
1220 1218 1329 1259 emen-

218 1307 324 1370 datius
344 1305 489 1389 scripsit,
520 1305 576 1390 qui
601 1303 717 1368 horum
741 1299 973 1365 vocabulorum
993 1298 1213 1363 differentiam
1235 1297 1329 1361 docte

217 1407 368 1471 illustrat.
757 1491 776 1548 5

303 1608 454 1671 Ammon.
474 1629 506 1691 p.
529 1610 587 1669 147
609 1599 736 1688 χλαμὺς
757 1601 812 1669 καὶ
833 1608 951 1685 χλαῖνα
970 1602 1139 1686 διαφέρει,
1162 1596 1250 1666 καθὸ
1273 1595 1329 1665 διὰ

219 1712 354 1774 πολλῶν
383 1702 534 1782 ἀπέδειξε
555 1707 747 1788 Δίδυμος
775 1705 813 1769 ἐν
838 1698 1053 1788 ὑπομνήματι
1074 1708 1096 1789 β
1117 1698 1263 1779 Ἰλιάδος.
1306 1695 1328 1784 ή

220 1809 282 1891 μὲν
300 1815 417 1891 χλαῖνα
437 1801 586 1891 ήρυῖιιόν
606 1801 759 1889 φόρημα,
788 1804 915 1889 χλαμὺς
934 1805 972 1870 δὲ
988 1800 1229 1871 Μακεδονικὸν
1248 1798 1329 1887 μετά

220 1906 374 1987 ἑξακόσια
399 1911 455 1991 ἔτη
483 1911 551 1972 τῶν
579 1901 737 1990 ήρωῖκοὶν
765 1902 1005 1989 ὀνομασθεῖσα.
1053 1902 1186 1988 Σαπφώ
1214 1903 1329 1986 πρώτη

220 2007 284 2093 γάρ
304 2010 467 2092 μέμνηται
491 2006 668 2091 χλαμύδος.
711 2007 899 2090 Διαφέρειν
931 2007 1013 2091 φησί
1034 2007 1089 2073 καὶ
1110 2010 1157 2093 τῷ
1176 2004 1327 2089 σχήματι.

220 2104 240 2191 ή
264 2104 326 2192 μὲν
347 2107 410 2192 γὰρ
432 2115 550 2192 χλαῖνα
572 2108 784 2192 τετράγωνον
804 2107 936 2194 (φησὶν)
958 2107 1104 2193 ἱμάτιον,
1138 2101 1158 2191 ή
1187 2105 1224 2171 δὲ
1247 2115 1328 2190 χλα-

221 2205 286 2293 μὺς
307 2212 354 2286 εἰς
374 2211 503 2274 τέλειον
529 2206 605 2290 περὶ
628 2207 669 2273 τὰ
690 2206 779 2274 κάτω
800 2211 963 2291 συνῆκται
985 2208 1040 2274 καὶ
1062 2204 1142 2286 τοὺς
1162 2208 1329 2292 χρησαμέ-

220 2333 302 2384 νους
325 2304 412 2375 πολὺ
442 2310 496 2374 καὶ
526 2303 584 2374 ἀπ’
609 2303 765 2393 ἀλλήλων
789 2305 970 2374 διεστάναι.
1011 2307 1214 2392 προσάγεται
1239 2303 1329 2389 Ἀρι-

220 2410 398 2495 στοτέλην,
421 2409 618 2496 Φύλαρχον,
641 2410 836 2493 Πολέμωνα,
859 2404 911 2475 ὅτι
932 2407 1019 2476 πολὺ
1041 2410 1273 2493 διαφέρουσιν.
1374 2450 1380 2459 ·

306 2512 465 2576 Valcken.
497 2515 519 2576 1.
548 2512 570 2575 1.
599 2511 712 2575 laudat
740 2510 876 2575 Salmas.
898 2507 939 2575 'in
967 2511 1104 2577 Tertull.
1135 2512 1175 2576 de
1196 2511 1273 2598 pall.
1296 2536 1329 2598 p.

224 2618 279 2676 111
304 2612 490 2677 Hemsterh.
510 2611 593 2677 Poll.
618 2615 652 2676 X
676 2615 790 2676 12411.
814 2614 871 2694 58,
895 2611 1014 2699 quibus
1035 2610 1135 2676 Prell.
1154 2611 1278 2678 Palem.
1295 2636 1328 2699 p.

222 2716 282 2776 149
311 2714 402 2778 addit
424 2713 593 2800 Wyttenb.
624 2714 711 2777 Plut.
742 2714 758 2777 I
785 2736 817 2799 p.
850 2714 973 2777 3070.
999 2711 1148 2776 Mueller.
1174 2712 1327 2777 Doriens.

221 2814 257 2877 Il
287 2837 318 2900 p.
342 2817 403 2880 266
430 2814 604 2880 Archaeol.
628 2820 658 2897 ξ.
683 2819 755 2880 337.
795 2813 864 2879 cfr.
889 2816 987 2879 etiam
1009 2815 1050 2878 A.
1074 2813 1202 2879 Ruben.
1233 2814 1273 2879 de
1293 2837 1329 2878 re

220 2924 303 2978 vest.
332 2915 366 2978 11
388 2939 416 2979 ο.
439 2915 504 2978 VH
523 2940 555 3002 p.
581 2919 639 2981 162
663 2940 733 3003 sqq.
760 2955 801 2966 -
836 2915 866 2979 E
888 2916 1129 2980 commentariis
1152 2917 1252 3000 igitur
1269 2917 1329 2979 Di-

222 3014 348 3099 dymeis
379 3015 514 3079 fluxisse
545 3017 699 3081 videntur
732 3016 846 3081 scholl.
877 3016 936 3080 AL
959 3015 1000 3080 ad
1024 3015 1120 3081 Hom.
1148 3016 1187 3080 Il.
1215 3022 1243 3081 B
1270 3019 1328 3081 183

220 3119 338 3195 χλαῖνα
360 3109 380 3198 ή
404 3113 627 3199 τετράγωνος,
648 3114 777 3202 χλαμὺς
799 3117 835 3181 δὲ
858 3110 879 3202 ή
903 3119 949 3195 εἰς
971 3110 1032 3194 ὀξυ
1056 3115 1214 3200 λήγουσα.

757 3291 776 3350 6

305 3398 412 3465 Schol.
435 3400 463 3463 B
484 3399 526 3463 ad
547 3403 663 3465 Γ379.
689 3405 740 3466 80.
765 3402 960 3467 Continetur
982 3402 1044 3467 hoc
1067 3405 1102 3466 in
1124 3403 1247 3469 scholio
1268 3402 1332 3469 λά-

222 3516 273 3577 σις
305 3495 518 3585 ἀπορήματος
552 3502 721 3567 cuiusdam
755 3525 775 3567 a
802 3502 947 3589 Didymo
971 3504 1129 3590 profecta.
1170 3500 1328 3588 Διδάμον

220 3599 324 3683 φασὶν
340 3596 424 3667 εἶναι
441 3599 524 3667 κατὰ
539 3596 576 3667 td
593 3603 769 3689 ἐγχείρημα
790 3604 836 3693 (h.
854 3627 882 3668 e.
898 3614 1135 3690 argumentum,
1157 3607 1327 3691 rationes).

221 3700 340 3787 ἐλλίφη
366 3698 430 3784 ada
460 3698 541 3788 ἤδη,
569 3708 691 3789 φησίν,
722 3700 760 3769 τὸ
787 3707 882 3788 ἔνιοι
912 3703 1057 3791 ‘tuan
1085 3703 1329 3789 παλάμηφιν

221 3799 426 3867 ἐτώσιον.’
471 3803 595 3871 Λύεται
623 3804 658 3869 δὲ
687 3799 752 3873 άπὸ
779 3809 840 3869 τοῦ
863 3808 983 3884 ἔθους·
1026 3805 1090 3873 δύο
1113 3802 1176 3892 γάρ
1202 3804 1327 3890 δόρατα

221 3902 338 3984 φέρειν
376 3906 618 3991 νενομισμένον
648 3896 708 3990 ἦν,
746 3899 791 3982 ὡς
818 3912 988 3991 πολλαχοῦ
1018 3910 1123 3991 λέγει·
1160 3904 1330 3973 πάλλων

221 3999 296 4064 δύο
317 4002 449 4086 δοῦρα
471 4003 573 4073 κατά
589 4003 768 4091 στρατὸν
787 4002 915 4095 ᾤχετο
937 4004 1071 4093 πάντη
1105 4006 1159 4094 (Il.
1187 4010 1214 4070 Z
1243 4005 1344 4089 104).

761 4199 790 4256 7.

306 4304 413 4369 Sehol.
437 4304 501 4367 AD
531 4305 573 4368 ad
601 4313 634 4370 Δ
655 4303 1206 4401 475Ἵδηθεν-Δίδυμοςδὲ
1225 4304 1335 4372 πάντα
