2932 5002
1038 348 1040 355 ’
1139 393 1200 457 389

88 562 138 617 est
157 574 239 617 voce
262 561 477 633 προσιστορεῖ
495 573 546 638 ap.
558 553 740 618 Marcellin.
765 555 824 618 vit.
844 553 1003 642 Τ1ιιιε.’ρ.
1030 559 1088 619 129
1108 557 1199 639 Rite,

87 675 282 742 quamquam
304 653 467 717 coutitur
490 655 586 717 etiam
611 654 760 718 Eusteth.
784 654 841 716 vit.
865 654 998 721 Pindar.
1016 660 1052 719 31
1076 656 1198 742 Οδγεε.

91 759 182 837 1669,
205 756 256 818 58.
302 754 353 817 Ac
378 753 474 818 liceat
500 755 595 819 nobis
621 777 764 842 quoque,
794 778 868 820 cum
892 757 974 820 civis
996 759 1199 843 Megarensis

87 857 119 921 h.
144 856 164 920 l.
192 857 312 919 iniecta
334 856 454 919 mentio
477 857 535 937 sit,
563 868 795 937 παριστορείν,
816 855 993 921 Caecilium
1018 860 1116 923 etiam
1139 859 1200 925 Ca·

90 957 259 1038 lucrinum,
296 955 403 1042 quode
440 955 505 1020 vid.
541 956 664 1041 Egger
692 957 833 1043 Longin.
863 980 895 1043 p
924 958 1200 1024 LXII—LXVII

88 1057 237 1122 Mueller.
272 1057 347 1121 hist.
376 1057 433 1121 Gr.
466 1057 517 1120 lll
548 1080 580 1143 p.
604 1061 767 1141 330-33,
800 1061 1028 1143 Megarensem
1056 1061 1120 1125 dici
1146 1084 1199 1148 ap.

88 1158 194 1223 Iriart.
218 1158 313 1222 catal.
336 1158 578 1222 codd.·lllar1t
600 1182 631 1244 p
653 1161 705 1242 83,
728 1162 784 1247 qui
805 1161 885 1224 haec
909 1160 1040 1226 scribit:
1061 1151 1121 1226 ln
1145 1184 1199 1226 ex·

86 1261 205 1346 cerptis
229 1269 334 1323 exet
356 1283 397 1322 m
419 1250 587 1323 auctcrum
609 1210 762 1325 elenchus
780 1261 900 1326 Suidae
920 1262 1086 1346 praefixus
1109 1262 1200 1327 ablu-

87 1362 136 1425 dit
153 1361 301 1425 nonnihil
324 1384 344 1425 a
366 1360 569 1446 vulgatclrc
588 1357 752 1444 Εὐγένιος
768 1364 927 1492 Σωσιμριςς
947 1368 1118 1441 Καικίλιος
1140 1386 1200 1446 με·
1236 1374 1239 1380 ’

89 1510 211 1595 γαρεός
244 1513 322 1600 (sic)
357 1511 552 1595 σικελιοέτης
581 1514 701 1597 ἐκλογὴ
735 1513 856 1591 λέξεων
890 1511 972 1580 κατὰ
1004 1523 1198 1596 στοιχείου.’

87 1617 194 1680 Huius
218 1637 336 1679 nomen
359 1614 567 1679 obliteratum
589 1639 660 1680 esse
684 1618 717 1679 in
738 1615 912 1682 Ammonio
931 1617 971 1681 de
992 1616 1059 1680 diff.
1083 1638 1114 1701 p.
1141 1620 1199 1679 112

88 1740 114 1781 s.
134 1739 165 1779 v.
190 1711 369 1798 πειραστής
397 1738 462 1779 non
483 1717 627 1802 pervidit
651 1717 901 1783 Valckenarius.
947 1721 1201 1782 KAINEIAOC

88 1826 137 1880 est
124 1821 400 1883 tKAIKIAIOC
420 1817 479 1881 sub
503 1841 535 1881 v.
564 1817 696 1901 θεωρός
725 1842 745 1883 ιι
766 1819 1001 1904 Lysimachida
1021 1819 1199 1934 appositus,

86 1919 178 1984 cuius
192 1940 310 1981 nomen
324 1918 393 1983 fere
410 1918 531 2004 ubique
544 1921 790 2005 depravatuma
805 1920 950 1984 librariis
968 1929 1020 1983 est
1037 1921 1072 1983 in
1089 1917 1199 2001 Κεκή-

88 2066 158 2136 λιος
178 2060 232 2124 vel
256 2065 398 2126 Κικίνου
422 2062 474 2126 vel
498 2057 594 2127 κάκεῖ
613 2062 666 2126 vel
690 2042 761 2127 κῦ.
797 2062 895 2148 (Nam
910 2062 996 2149 App.
1014 2061 1108 2126 Phot.
1126 2066 1198 2145 676,

88 2165 126 2225 23
156 2163 328 2248 legendum
355 2164 485 2229 videtur
513 2161 687 2229 πινάκιον·
717 2168 891 2240 Καικίλιος
917 2165 1004 2248 λέγει
1033 2163 1087 2228 καὶ
1110 2163 1197 2247 σύμ-

87 2269 191 2348 βολον
212 2261 430 2353 δικαστικόν.)

629 2452 659 2512 3.

174 2567 228 2633 Et.
251 2590 294 2631 m.
315 2569 392 2647 777,
414 2568 434 2628 9
460 2561 606 2649 ὕμνος·
638 2560 721 2628 κατὰ
748 2564 925 2648 συγκοπὴυ
953 2560 1126 2648 ὕπόμονός
1151 2591 1200 2643 τις

90 2664 150 2750 όν,
167 2665 255 2734 καθὸ
270 2670 316 2744 είς
326 2660 507 2750 ὑπομονὴν
521 2666 598 2752 (leg.
611 2661 819 2751 ὑπόμνησιν)
837 2667 891 2731 καὶ
907 2663 1043 2751 μνήμην
1058 2662 1131 2750 ἄγει
1143 2664 1201 2744 τὰς

89 2776 159 2837 τῶν
178 2768 432 2852 ἐπαινουμένων
451 2766 587 2850 πράξεις
606 2766 660 2832 καὶ
678 2761 807 2851 ἀρετάς.
830 2766 1026 2853 κεχώρισται
1042 2767 1078 2833 δὲ
1094 2768 1200 2851 έγκιο-

89 2877 175 2958 μίων
201 2873 255 2936 καὶ
284 2872 477 2952 προσοδίων
500 2871 605 2958 (vulg.
628 2871 774 2959 praev)
808 2871 863 2935 καὶ
884 2870 1048 2952 ἐπαίνων,
1072 2863 1134 2952 οὐχ
1156 2864 1201 2947 ὡς

90 2967 257 3061 κᾴκείνοιν
277 2964 322 3055 μὴ
342 2963 452 3033 ὄντων
474 2965 604 3052 ὕμνων,
627 2963 702 3033 ἀλλ’
727 2963 1053 3036 ἆυτιδιαστέλλονται
1069 2962 1114 3044 ὦς
1129 2971 1201 3051 erun

90 3068 174 3154 πρὸς
197 3071 304 3155 γένος.
325 3069 490 3155 γράφεται
512 3067 576 3154 γὰρ
599 3066 706 3154 ὕμνος
726 3073 911 3152 προσοδίου
933 3075 979 3157 (v.
996 3068 1199 3156 προσῳδίας)

90 3171 196 3261 ὕμνος
219 3173 386 3259 ἐγκωμίου
409 3169 515 3258 ὕμνος
537 3178 677 3249 παιᾶνος
702 3171 818 3237 καὶτὰ
841 3167 951 3257 ὕμοια.
976 3173 1082 3260 (Haec
1097 3171 1201 3235 voluit

89 3276 303 3366 etymologus,
324 3275 424 3360 vulgo
442 3267 639 3362 corruptelle
657 3283 786 3339 scatens
804 3274 1095 3339 circumferebatur
1110 3271 1201 3336 locus

88 3379 155 3444 his:
177 3402 229 3462 γρ.
252 3372 335 3443 δὲ”
312 3401 418 3463 υμνος
440 3401 557 3459 πρ.-
578 3377 618 3442 τοὶ
641 3373 750 3461 ὅμοια
772 3376 996 3441 διαστέλλεται
1015 3367 1201 3453 elegerun

88 3476 154 3547 ἀπὸ
182 3480 303 3580 γένους
330 3473 407 3545 ἀλλ’
436 3474 786 3577 όντιδιαστέλλουται.)
832 3475 996 3558 προσόδια
1017 3470 1080 3557 γὰρ
1098 3466 1202 3589 Ἀθρ-

90 3595 179 3648 ναῖοι
204 3579 403 3660 προσιόντες
426 3582 520 3666 (Orio
535 3564 724 3664 προιόντες)
747 3590 841 3655 ναοῖς
864 3601 884 3659 η
870 3570 1029 3660 βωμοῖς
1046 3568 1128 3655 πρὸς
1143 3567 1202 3636 τὸν

91 3679 198 3749 αὐλόν
220 3673 316 3769 ᾖδον,
336 3677 397 3746 τόν
423 3675 503 3745 δὲ”
480 3702 590 3762 υμνου
611 3676 696 3759 πρὸς
716 3675 873 3760 κιθάραν.
909 3670 998 3738 οὕτω
1014 3676 1203 3756 Δίδυμος

91 3787 207 3873 ἐντῷ
229 3783 323 3864 περὶ
345 3783 534 3861 λυρικῶν
557 3783 754 3862 ποιητῶν.
788 3780 879 3842 Haec
900 3774 1114 3862 etymologus‚
1139 3796 1202 3860 quo

90 3890 253 4006 copiosipr
274 3885 355 3950 Orio
378 3886 447 3966 155,
471 3884 512 3945 22
531 3882 616 3945 inter
636 3875 785 3945 verba’'
766 3903 876 3946 οντων
903 3875 1023 3960 ὕμνων
1043 3885 1075 3939 et
1096 3890 1203 3954 προσ-

91 3989 168 4056 όδια
188 4013 254 4074 γαρ
273 3982 445 4069 Ἀθηναῖοι
467 3982 549 4048 hacc
571 3982 705 4048 exhibet
725 3977 800 4047 ἀλλ’
825 3974 869 4056 ὡς
884 3979 980 4063 γένος
998 3972 1063 4042 αἰπο
1053 3974 1201 4098 είδμυς.

92 4089 200 4159 πάντα
228 4088 292 4175 γὰρ
321 4091 368 4165 είς
396 4079 477 4164 τούς
502 4079 725 4206 ὑπερέχρυτας
746 4079 943 4167 γραφόμενα
965 4075 1096 4164 ὕμνους
1119 4074 1203 4143 ἀπο-

93 4193 286 4278 φαινόμεθα
309 4189 364 4256 καλ
386 4188 582 4272 ἐπιλέγομεν
604 4184 641 4251 τὸ
666 4181 753 4262 εἶδος
774 4188 820 4272 τῷ
842 4183 948 4267 γένει·
971 4175 1076 4265 ὕμνος
1096 4194 1202 4262 προσ-

91 4300 194 4363 οδίοιν
214 4293 321 4381 ὕμνος
342 4295 520 4378 ἐγκωμίου,
543 4284 650 4375 ὕμνος
671 4291 822 4364 παιᾶνος.
852 4286 1005 4367 σημαίνει
1028 4279 1064 4347 δὲ
1080 4279 1117 4346 ἐν
1133 4290 1203 4358 ταῖς
