2962 5024
226 423 288 484 214

226 586 288 650 bus
317 582 533 648 subscribitur
562 575 583 664 ή
611 581 739 663 ἱστορία
757 573 848 661 παρά
872 580 919 664 τῷ
947 578 1051 641 ὃείνα.
1097 575 1163 641 Sed
1181 575 1263 639 haee
1284 573 1342 639 ad·
1453 605 1464 624 ·

228 692 359 749 notasse
382 682 532 748 sufficiet.

314 801 467 887 Denique
484 799 572 886 quod
589 798 706 863 brevia
723 795 861 882 Didymi
879 794 1003 859 scholia
1024 791 1148 859 παλαιά
1169 793 1342 881 pseudepi-

230 898 356 990 grapha
388 922 409 965 a
440 901 522 964 Iano
540 900 677 964 Laseari
705 897 792 962 Aldu
825 896 1022 961 Schrewelie
1050 895 1233 960 Alemanno
1259 893 1341 956 Bar-

230 1005 322 1067 nesio
348 1002 452 1066 editas
478 1023 543 1066 non
571 1001 771 1081 curaverim,
801 1006 926 1085 spretas
956 996 1030 1060 illas
1058 997 1086 1060 I.
1115 996 1157 1060 A.
1186 993 1341 1057 Fabricio

231 1102 323 1168 BGI
344 1124 376 1189 p.
401 1103 538 1166 teu-9
564 1101 605 1165 A.
628 1100 669 1164 G.
695 1098 839 1163 Ferbero
862 1099 896 1160 in
918 1097 997 1160 diss.
1021 1097 1145 1161 scholia
1165 1117 1284 1180 graeca
1306 1095 1341 1155 in

231 1206 426 1284 Homerum,
453 1224 537 1288 quae
554 1201 699 1286 Didymo
726 1199 826 1283 vulgo
853 1197 1055 1280 tribuuntur,
1084 1196 1264 1281 generatim
1294 1193 1342 1256 lu·

232 1313 354 1371 strante
377 1303 516 1367 Helmst.
540 1305 620 1365 1770
642 1305 683 1382 4.,
706 1300 868 1363 neminem
890 1296 962 1360 fore
985 1320 1097 1384 spero,
1127 1297 1182 1382 qui
1204 1294 1283 1361 mihi
1306 1296 1342 1356 in

233 1404 442 1492 opprobrium
465 1412 588 1468 vertat:
609 1401 685 1466 Vid.
700 1399 907 1484 Bernhardyi
921 1398 979 1462 Gr.
1002 1397 1064 1462 litt.
1086 1397 1162 1461 hist.
1183 1397 1340 1459 succinet.

232 1507 297 1571 vol.
319 1506 355 1570 II
376 1529 408 1592 p.
432 1507 501 1569 118.

767 1727 802 1803 5·

564 1865 800 1955 Ὑπομνήματα
818 1866 1005 1952 Πινδάρου.

775 2025 802 2084 1.

321 2158 374 2223 Ol.
409 2162 439 2220 E
469 2156 567 2218 inser.
605 2147 691 2235 αὕτη
728 2147 748 2237 ή
789 2148 858 2241 ᾠδή
901 2153 938 2218 ἐν
981 2154 1042 2239 μὲν
1084 2168 1153 2233 τοῖς
1192 2154 1343 2238 ἱδαφίοις

237 2256 299 2326 ούκ
335 2249 395 2342 ήν,
424 2255 461 2320 ἐν
493 2252 528 2317 δὲ
560 2263 627 2330 τοῖς
660 2252 854 2336 Διδύμου
884 2251 1185 2340 ὑπομνήμασιν
1213 2255 1342 2337 ἐλέγετο

238 2358 424 2440 Πινδάρου.
467 2355 520 2418 De
542 2354 604 2417 hoe
624 2354 696 2419 loeo
715 2357 969 2442 explicatissime
990 2357 1074 2421 dixit
1084 2357 1124 2422 E.
1138 2358 1291 2423 Leuteeh.
1308 2359 1342 2421 in

239 2460 476 2528 Schneidewin.
497 2455 613 2521 Philol.
637 2457 654 2520 Ι
676 2480 708 2542 p.
735 2459 923 2520 116-127.

775 2646 804 2708 2.

323 2778 432 2843 Schol.
461 2778 513 2842 Ol.
542 2784 573 2842 A
599 2782 639 2841 33
667 2776 894 2860 ἱππιοχάρμαν
921 2776 958 2842 δὲ
980 2774 1041 2843 τόν
1067 2781 1107 2863 τῇ
1128 2778 1246 2862 ἱππική
1272 2782 1344 2859 χαί-

239 2875 342 2964 ροντά
361 2894 455 2961 φησι.
480 2880 586 2964 (Vrat.
601 2880 643 2961 A,
662 2879 814 2963 reeentt.)
828 2882 937 2956 καλῶς
952 2878 989 2944 δὲ
1003 2874 1040 2944 τὸ
1054 2877 1211 2944 ἐπίθετον
1225 2882 1270 2964 τῷ
1282 2882 1345 2960 βα-

238 2984 326 3043 σιλεῖ
351 2971 407 3041 διὰ
434 2973 471 3041 τὸ
502 2979 742 3062 ἱπποτροφεῖν,
770 2981 826 3044 ἵνα
847 2981 955 3064 δείξῃ,
984 2975 1035 3045 ὅτι
1058 2973 1100 3044 ού
1122 2976 1223 3062 τύχης
1246 2981 1344 3062 γέγο-

240 3102 300 3145 νεν
317 3073 471 3160 ἔργοντὸ
496 3082 542 3165 τῷ
573 3081 745 3165 Φερενίκῳ
764 3076 965 3162 χρήσασθαι,
990 3072 1069 3144 Υἀλλ’
1089 3076 1269 3164 ἐπιστήμης
1290 3081 1345 3145 καὶ

239 3182 298 3261 τής
319 3177 396 3257 περὶ
416 3172 452 3241 τό
475 3181 611 3266 πρᾶγμα
625 3178 821 3259 ἐπιμελείας.
848 3173 955 3244 Ἔνιοι
987 3178 1023 3245 δὲ
1051 3175 1345 3264 ἀναγιγνώσκουσι

240 3275 488 3363 παροξύνοντες
509 3272 571 3360 τήν
596 3275 859 3361 παραλήγουσαν
879 3277 1051 3365 συλλαβήν
1073 3283 1141 3345 τῶν
1164 3287 1345 3362 Συρακου-

241 3383 324 3445 σίων
348 3379 434 3465 (eod.
457 3378 562 3443 Rehd.
585 3381 647 3444 τοῦ
667 3379 937 3465 συρῥακουσίων)
967 3380 1023 3445 καὶ
1044 3378 1106 3463 τήν
1125 3379 1265 3465 ἐσχάτην
1285 3391 1347 3448 τοῦ

241 3478 469 3565 ἱππιοχάρμαν
491 3483 716 3562 περισπῶσιν,
743 3474 791 3543 ἵν’
817 3471 855 3566 ᾖ,
878 3486 947 3546 ταῖν
967 3485 1215 3564 Συρακουσίων
1231 3483 1347 3547 ἱππιο-

240 3584 379 3665 χαρμοῐν
397 3584 448 3668 (ut
472 3581 576 3644 Pelet.
603 3580 657 3666 Ο).
708 3575 768 3644 τὸν
791 3579 856 3665 γάρ
872 3575 1006 3665 Ἱέρωνα
1030 3575 1094 3644 ούκ
1123 3575 1207 3645 εἶναι
1230 3587 1347 3666 Συρα-

241 3679 393 3765 κούσιον,
417 3675 473 3745 ὅτε
494 3681 604 3746 ἐνίκα·
633 3684 791 3745 κτίσαντα
813 3676 877 3765 γάρ
900 3676 1005 3747 αὐτὸν
1027 3678 1089 3765 τήν
1111 3680 1271 3767 Κατάνην
1293 3685 1347 3749 καὶ

242 3778 563 3864 προσαγορεύσαντα
576 3787 705 3846 Αίτναν
727 3777 787 3846 ἀπ’
807 3777 911 3865 αὐτῆς
931 3786 1092 3848 Αἰτναῖον
1112 3783 1270 3866 λέγουσιν
1284 3779 1348 3848 αύ-

241 3877 310 3946 τόν.
357 3876 493 3965 εὐήθεις
522 3880 622 3965 φησί
644 3884 833 3966 Δίδυμος
855 3879 1006 3960 τούτους.
1026 3883 1101 3948 τότε
1119 3879 1184 3966 γάρ
1205 3876 1348 3966 ὁἹέρων

241 3971 285 4063 ἦν
306 3979 543 4064 Συρακούσιος
566 3982 622 4047 καὶ
643 3977 724 4047 oriris
745 3972 789 4066 ἦν
805 3986 978 4067 Αἰτναῖος,
1002 3978 1047 4060 οἷς
1068 4001 1173 4067 φησιν
1186 3977 1347 4047 Ἀπολλό-

241 4082 359 4165 ιὶοιρος.
403 4076 421 4147 ὁ
450 4079 486 4146 δὲ
504 4077 735 4161 Ἀριστόνικος
761 4078 958 4161 ἀξιοπίστως
980 4087 1141 4150 Αίτναίον
1165 4077 1247 4148 ὄντα
1273 4087 1348 4147 Συ-

239 4181 424 4266 ρακούσιον
450 4176 685 4266 ὀνομάζεσθαι.
728 4183 847 4253 Vet.‚·

325 4300 401 4367 Vid.
420 4300 565 4365 Beeekh.
588 4302 676 4389 expl.
698 4303 831 4367 Pindsr.
854 4328 886 4390 p.
902 4306 972 4366 106.
987 4341 1029 4353 —-
1052 4302 1134 4367 eod.
1156 4299 1309 4385 Rehdig„
1331 4319 1350 4363 e
