2962 5024
124 410 356 470 ·236‘

223 579 269 661 τῷ
298 576 433 661 Χρομίῳ
461 573 577 657 ἐχρῆτο
604 569 739 660 έταίρφ,
769 575 875 655 δῆλον
900 572 1002 639 πάλιν
1030 574 1063 652 ἐξ
1093 562 1143 638 τόν
1168 589 1253 657 φησι
1277 578 1338 640 Τί-

222 699 318 761 μαιος
347 675 384 739 έν
416 679 456 761 τῇ
485 674 625 761 δευτέρᾳ
654 672 797 760 γράφων
824 671 948 753 οὕτως·
982 673 1184 758 ἐπιτρόπους
1208 676 1245 740 δὲ
1272 679 1338 741 τοῦ

222 775 342 856 παιδὸς
367 771 438 862 μετ’
469 776 601 842 ἐκεῖνον
624 775 825 859 κατέστησεν
851 772 1069 863 Ἀριστόνουν
1095 775 1150 840 καὶ
1179 773 1335 861 Χρόμιον

221 874 301 956 τούς
323 877 500 963 κηδεστάς,
526 877 659 955 τούτοις
681 872 745 961 γάρ
768 873 786 942 ὁ
809 879 924 944 Γέλων
946 878 1071 944 δέδωκε
1093 873 1152 954 τὰς
1173 872 1333 960 ἀδελφάς.

306 981 438 1046 Dissen.
451 1004 483 1067 p.
495 985 556 1045 460
568 980 654 1045 conf.
667 979 758 1044 iubet
768 981 891 1045 Herod.
904 980 972 1045 VII
982 983 1040 1043 154
1054 979 1222 1044 adWess.
1236 978 1335 1045 Goel-

220 1085 278 1149 ler.
304 1084 344 1148 fr.
375 1082 440 1148 sie.
468 1106 500 1169 p.
524 1082 602 1163 3073
632 1082 673 1147 de
699 1081 801 1147 fluvio
828 1081 952 1146 Heloro
977 1080 1109 1146 Cluver.
1138 1081 1203 1146 Sic.
1226 1090 1294 1146 ant.
1318 1083 1336 1146 Ι

224 1188 261 1248 13
284 1185 393 1271 Heyn.
413 1185 513 1269 Verg.
533 1183 618 1248 Aen.
641 1182 787 1248 1116984
832 1183 929 1248 Adde
950 1182 1099 1271 Thucyd.
1122 1183 1171 1248 VI
1195 1187 1245 1247 70.

750 1321 801 1382 52.

304 1438 399 1504 Nem.
422 1443 443 1503 Ι
463 1443 499 1502 51
533 1450 706 1521 σεμνοῖς
727 1437 945 1514 δαπέδοις·
974 1448 1043 1513 τοῖς
1069 1440 1241 1521 Νεμείοις,
1264 1461 1335 1520 φη-

221 1539 276 1604 σίν
309 1532 328 1604 δ
359 1543 561 1624 Δίδυμος·
594 1543 737 1624 πλησίον
769 1535 833 1622 γάρ
866 1537 935 1603 ἐστι
967 1543 1159 1616 Σικυῶνος·
1185 1533 1335 1623 Ὅμηρος

238 1645 343 1706 3572
369 1665 376 1681 ·

223 1644 235 1730 i
344 1643 358 1730 )
385 1738 461 1809 ἔνθ’
477 1736 661 1829 ’Ἄδρηστος
683 1737 790 1826 πρῶτ’
814 1740 1065 1825 ἐμβασίλευσεν.

756 1880 807 1941 53.

305 1996 349 2060 ib.
378 2001 435 2061 114
457 2023 489 2084 p.
514 2003 575 2063 507
606 2000 696 2063 ίδεν
718 1991 910 2079 Λυγκεύς
932 1991 1059 2079 δρυός
1085 1995 1128 2061 ἐν
1146 1996 1335 2082 στελέχει

220 2092 416 2181 ἡμένους·
437 2094 455 2164 ὁ
475 2098 537 2182 μὲν
556 2094 768 2181 Ἀρίσταρχος
787 2092 876 2174 ἀξιοῖ
892 2094 1038 2179 γράφειν
1060 2093 1233 2182 ἥμενον,
1253 2092 1333 2164 ἀκο.

220 2194 357 2275 λούδως
379 2203 419 2285 τη
440 2200 477 2263 ἐν
498 2210 567 2276 τοῖς
587 2201 783 2287 Κυπρίοιςλ)
809 2198 972 2284 λεγομένῃ
994 2199 1139 2286 ίστορίμ·
1162 2194 1187 2287 ὁΙ
1202 2196 1266 2285 γάρ
1291 2196 1334 2265 τά

221 2297 358 2380 Κύπρια
387 2297 584 2383 συγγράψας
618 2299 701 2384 φησί
728 2297 788 2364 τὸν
816 2295 973 2383 Κάστορα
1006 2299 1044 2365 έν
1071 2305 1110 2387 τῇ
1139 2303 1221 2383 δρυῒ
1246 2325 1333 2385 κρυ-

221 2403 353 2485 φθέντα
385 2396 538 2485 ὀφθῆναι
571 2398 639 2467 ὑπὸ
675 2400 849 2484 Λυγκέως·
883 2406 924 2486 τῇ
959 2397 996 2466 δέ
1026 2397 1112 2489 αὐτῇ
1140 2407 1254 2490 γραφῇ
1277 2405 1334 2469 καί

219 2497 470 2585 Ἀπολλόδωρος
491 2504 558 2592 (ΙΙΙ
584 2509 639 2585 11,
668 2504 702 2590 2)
729 2498 1015 2587 κατηκολούθησε.
1060 2501 1144 2585 πρὸς
1166 2500 1227 2582 ούς
1247 2521 1333 2588 φησι

221 2607 427 2690 Δίδυμος,
451 2600 652 2690 ἀμφοτέρων
674 2599 741 2669 ὑπὸ
757 2608 797 2689 τῇ
812 2605 894 2687 δρυί
908 2600 1097 2687 λοχώντων,
1120 2609 1182 2670 τοῦ
1197 2603 1333 2671 Κάστο-

220 2730 280 2790 ρος
297 2707 353 2771 καὶ
374 2712 436 2773 τοῦ
459 2704 716 2792 Πολυδεύκους,
745 2701 853 2789 μόνον
874 2699 892 2769 ό
912 2702 1153 2787 Λυγκεύςτόυ
1174 2705 1334 2789 Κάστορω

222 2803 289 2873 είδε
322 2808 357 2896 (l.
381 2803 517 2892 ἀνεῖλε).
563 2802 690 2891 μήποτε
720 2797 785 2871 ούν
815 2808 882 2891 δελ,
911 2809 1032 2889 φησίν,
1061 2800 1331 2891 ἀναγιγνώσκειν

221 2905 283 2993 τὴν
301 2907 564 2992 παραλήγουσαν
586 2904 758 2992 συλλαβὴν
778 2903 947 2986 ὀξυτόνως
975 2901 1166 2992 ἡμένοςῆ
1190 2905 1247 2974 διὰ
1269 2913 1333 2974 τοῦ

221 3033 266 3088 ως
294 3004 478 3093 ἡμέυως,
504 3010 562 3074 ἵνα
589 3003 662 3074 κατ’
692 3004 820 3093 ἀμφοῖν
845 3003 1023 3092 ἀκούηται·
1068 3003 1086 3073 ό
1115 3007 1152 3073 δέ
1174 3006 1332 3092 Λυγκεύς

220 3107 325 3191 δρυός
342 3108 378 3173 ἐν
397 3107 540 3190 στελέχει
563 3102 696 3192 ἡμένος,
717 3105 791 3175 ἀντὶ
809 3113 871 3174 τού
889 3104 1050 3193 ἡμένους,
1071 3107 1229 3193 δηλονότι
1250 3108 1331 3190 τούς

220 3207 470 3292 Διοσκούρους·
497 3203 542 3285 ὡς
560 3204 723 3288 ἀελλόπος
743 3210 797 3275 καὶ
812 3214 928 3291 τρίπος
950 3212 1005 3299 (ΙΙ.
1018 3212 1132 3298 ΩΠ),
1153 3207 1234 3296 *οὐχ
1255 3211 1332 3290 ἕδος

220 3313 305 3395 έστί,
327 3312 469 3395 γεραιέ’,
491 3305 566 3377 ἀντὶ
588 3316 650 3376 τοῦ
673 3307 735 3395 ούχ
756 3311 855 3389 ἕδους
883 3313 936 3400 (Il.
961 3318 994 3377 X
1015 3315 1100 3399 164).
1407 3311 1410 3318 ’

176 3483 179 3488 ,
304 3412 451 3479 Boeekh.
475 3421 508 3477 et
525 3412 658 3477 Dissen.
680 3436 711 3499 p.
735 3418 813 3496 474,
835 3435 909 3477 cum
932 3423 1055 3478 eertum
1076 3414 1234 3496 habeant,
1253 3415 1331 3477 Pin-

219 3517 334 3581 darum
356 3518 391 3579 in
422 3514 514 3594 nulla
540 3538 575 3578 re
604 3537 624 3578 a
650 3513 850 3578 carminibus
874 3513 1004 3601 Cypriis
1024 3515 1229 3596 discessisse,
1253 3516 1331 3579 seri-

93 3647 96 3652 ·
220 3618 301 3682 bunt
322 3610 476 3700 ἡμένους.
511 3616 660 3681 Eandem
682 3616 856 3680 lectionem
877 3615 1042 3700 Bergkius
1061 3639 1093 3702 p.
1113 3619 1172 3679 193
1195 3617 1329 3702 recepit,

219 3728 361 3783 ceterum
385 3718 419 3781 in
446 3719 508 3782 hoe
536 3717 655 3800 falsus,
685 3717 773 3803 quod
801 3739 821 3780 a
842 3716 987 3801 Didymo
1010 3716 1196 3782 Aristarchi
1221 3715 1331 3780 lectio·

218 3842 293 3883 nem
316 3814 445 3902 ἥμενον
474 3828 588 3885 οοοίτο
607 3819 837 3904 grammaticos
865 3813 988 3901 ἥμενος
1016 3819 1197 3883 scribentes
1220 3816 1332 3880 defen-

217 3942 287 3984 sam
317 3942 389 4010 esse
421 3921 510 3985 dicit.
555 3920 584 3982 E
608 3919 776 3985 codicibus
802 3942 885 3984 unus
908 3920 1123 4003 Augustanus
1145 3918 1172 3983 O
1199 3915 1333 3981 exhibet

287 4091 313 4157 l)
337 4092 370 4142 In
395 4093 555 4158 Cypriorum
580 4091 733 4157 fragmento
760 4091 890 4141 Boackhii
912 4081 1007 4154 ἡμένα
1033 4081 1120 4154 ἀμφω
1145 4087 1243 4153 κοίλης
1266 4089 1331 4138 ferri

216 4179 324 4243 nequit,
351 4179 424 4244 quod
447 4178 544 4234 κοῖλος
565 4178 591 4228 h.
612 4194 636 4228 e.
662 4172 758 4234 κόϊλος
778 4178 892 4243 primam
911 4178 1045 4243 syllabam
1062 4178 1115 4228 nisi
1139 4178 1166 4226 in
1183 4176 1255 4226 thesi
1274 4190 1328 4224 non

214 4262 310 4325 habet,
345 4279 509 4329 quamquam
537 4260 616 4327 δείλη
645 4264 679 4313 ab
708 4264 770 4313 aliis
796 4259 876 4327 δείλη
907 4265 1116 4328 pronunciatum
1148 4264 1176 4312 in
1199 4262 1254 4312 arsi
1281 4261 1328 4310 ad-

215 4347 346 4398 mittitur.
