2948 5024
1206 396 1240 458 81

133 566 172 630 In
197 565 338 630 lectione
358 559 449 630 ὅπου
472 562 515 630 ἄν
535 587 609 629 cum
632 565 753 629 Orione
777 565 865 629 facit.
897 564 1021 629 Eadem
1044 563 1120 627 inde
1139 586 1159 627 a
1174 586 1245 627 ver·

133 667 185 732 bis
219 660 330 750 Ἀχαία
361 660 382 748 ἡ
409 662 592 748 Δημήτηρ·
644 664 805 748 μέμνηται
846 687 950 752 usque
987 662 1029 727 ad
1069 662 1247 746 Δήμητρος

134 767 213 833 Orio
230 790 261 854 p.
279 768 315 830 18
333 766 384 832 ed.
398 764 447 831 St.
470 765 615 847 exhibet,
639 764 699 828 sub
723 765 819 829 finem
842 765 979 830 adiectis
1001 763 1112 828 verbis
1139 758 1247 840 οὕτως

134 859 238 952 εὖρον
266 868 304 932 ἐν
326 862 542 950 ὑπομνήματι
565 867 612 942 είς
630 861 885 949 Ἀριστοφάνην.
926 864 1165 951 Integrioribus
1187 865 1246 950 igi-

133 981 186 1034 tur
216 969 456 1054 commentariis
489 970 523 1032 in
555 967 808 1054 Aristophanem
837 969 917 1033 Orio
950 966 1119 1048 utebatur,
1149 987 1246 1052 quam

133 1070 227 1135 nobie
246 1070 406 1157 hodieque
427 1074 476 1134 uti
498 1069 575 1133 lieet
596 1069 638 1133 ad
660 1067 719 1132 Ar.
742 1069 825 1133 Aah.
848 1070 920 1133 708.
942 1073 962 1132 9
993 1067 1058 1132 vol.
1079 1066 1113 1130 ΙΙ
1133 1088 1166 1152 p.
1188 1067 1247 1128 189

132 1170 214 1235 Ddf.
243 1169 391 1257 (Ruhnk.
417 1171 459 1235 ad
490 1168 607 1234 Vellei.
634 1192 665 1255 p.
689 1173 753 1256 15).
800 1171 882 1234 Cum
910 1178 952 1234 et.
983 1169 1070 1233 Gud.
1100 1167 1181 1232 faeit
1203 1176 1245 1231 et.

133 1296 175 1335 m.
203 1274 270 1354 183,
290 1273 341 1354 34,
363 1273 426 1336 nisi
449 1271 536 1359 quod
555 1272 741 1335 testimonia
761 1273 954 1357 scriptorum
977 1272 1107 1336 omittit.
1152 1267 1246 1332 Cete-

135 1396 206 1437 rum
227 1374 271 1437 ef.
284 1372 408 1438 Herod.
428 1373 507 1440 V61
531 1371 639 1437 Strab.
660 1372 734 1436 ΙΧ2
763 1372 864 1436 schol.
891 1373 1027 1435 Nicand.
1052 1371 1135 1435 ther.
1159 1395 1190 1458 p.
1204 1372 1245 1433 42

132 1473 241 1539 Bekk.
257 1472 394 1539 aneedd.
415 1474 475 1561 Ip.
489 1475 561 1554 473,
574 1474 614 1534 28
636 1473 771 1536 Baehm.
795 1472 933 1536 aneedd.
955 1472 972 1535 I
995 1495 1027 1558 p.
1054 1475 1123 1555 174,
1138 1474 1190 1536 23.
1206 1509 1245 1517 —-

134 1574 392 1661 Hesyeh.1654
418 1570 569 1657 Ἀχαία·
607 1573 766 1638 ἐπίθετον
788 1570 968 1657 Δήμητρος
989 1567 1055 1636 ἀπὸ
1082 1575 1143 1636 τοῦ
1170 1572 1246 1651 περὶ

132 1674 195 1759 την
218 1675 336 1758 Κόρην
358 1669 471 1758 ἀχους,
494 1671 578 1753 ὅπερ
594 1673 737 1737 ἐποιεῖτο
760 1665 969 1757 ἀναζητοῦσα
984 1666 1102 1755 αὐτήν.
1126 1669 1247 1738 Λάκω-

132 1800 190 1853 νες
209 1774 245 1840 δὲ
270 1770 392 1858 ἀγαθά.
431 1776 466 1839 οί
491 1771 528 1838 δὲ
551 1776 625 1855 ἔρια
646 1771 788 1856 μαλακά.
823 1775 914 1840 Idem
940 1773 1041 1838 1659
1066 1767 1245 1856 uzecia·

132 1872 335 1960 ἡΔημητηρ
357 1879 542 1958 μυστικάςι
572 1875 615 1940 cf.
633 1874 778 1940 Lobeck.
797 1874 960 1962 Aglaoph.
982 1874 1017 1938 II
1035 1897 1067 1961 p.
1092 1877 1171 1938 1225
1196 1878 1245 1958 {x}

132 1977 228 2041 Voss.
256 1978 367 2064 hymn.
396 1976 470 2041 Ger.
498 2000 530 2063 p.
547 1979 585 2040 21
606 1976 722 2041 Elmsl.
746 1978 788 2041 ad
819 1979 878 2041 Ar.
901 1976 984 2041 Aeh.
1008 1979 1069 2040 709
1091 1974 1244 2041 Oreuzer.

132 2079 240 2143 melet.
264 2079 281 2142 I
303 2101 335 2165 p.
349 2080 390 2141 26
411 2079 532 2143 Buttm.
555 2077 646 2143 iexil.
666 2078 701 2141 II
721 2101 753 2165 p.
781 2080 839 2141 120
860 2077 963 2142 Baeh.
985 2077 1105 2142 Philet.
1127 2078 1168 2142 fr.
1192 2081 1244 2143 37.

665 2252 717 2310 56.

197 2366 310 2452 Neque
321 2366 416 2430 aliter
427 2372 533 2430 statuo
545 2365 586 2429 de
602 2360 747 2450 Didymo
770 2387 822 2451 ap.
841 2362 1002 2429 Choerob.
1024 2363 1067 2428 ad
1079 2363 1242 2428 Theodoe.

133 2468 189 2532 fol.
207 2470 248 2531 66
270 2488 322 2552 ορ.
335 2465 444 2529 Bekk.
460 2465 600 2529 aneedd.
618 2465 671 2528 III
694 2489 725 2551 p.
743 2467 822 2528 1432
845 2462 925 2549 (vol.
939 2463 955 2526 Ι
967 2464 1059 2549 p.81‚
1067 2464 1106 2525 33
1119 2463 1242 2545 Gaisf.)

138 2564 294 2649 Ψάλυξ,
319 2565 478 2649 ψάλυγος.
502 2564 590 2640 τινὲς
605 2563 668 2647 μὲν
690 2560 748 2641 τὰς
769 2570 881 2646 τρίχας
903 2563 1056 2639 ἐδέξαντο
1068 2567 1245 2645 σημαίνειν

132 2665 194 2751 τὴν
220 2668 326 2750 λέξιν,
370 2670 559 2750 Δίδυμος
586 2665 625 2728 δέ
647 2683 729 2746 φησι
761 2659 841 2740 τούς
869 2657 1026 2739 ἀσθενεῖς
1054 2666 1245 2746 σπινθῆρας

132 2789 262 2869 δηλοῦν
288 2783 351 2869 τὴν
377 2788 475 2862 λέξιν.
510 2787 578 2847 ἔστι
608 2782 643 2848 δὲ
672 2777 738 2847 ἀπὸ
760 2785 822 2845 του
843 2766 1043 2868 φαιυάλάφς
1067 2783 1144 2867 (sie)
1169 2787 1245 2866 Ιφε-

133 2886 271 2971 ψάλυξΙ,
294 2887 349 2953 καὶ
370 2881 453 2952 κατὰ
475 2881 655 2968 ἀφαίρεσιν
671 2880 827 2969 δηλονότι
850 2885 908 2965 τῆς
927 2879 1060 2965 πρώτης
1076 2888 1245 2968 συλλαβῆς

132 2987 319 3074 ἐφυλάξατο
342 2983 425 3053 αὐτὸ
448 2983 465 3052 ὁ
489 2984 613 3051 καυάν.
660 2987 834 3052 Bekkerus
850 2983 976 3049 mavult
998 2980 1163 3067 φεψάλυξ,
1185 3008 1245 3072 per

131 3114 227 3179 quem
249 3112 331 3156 eave
354 3099 446 3154 nete
469 3091 502 3153 in
525 3111 667 3154 errorem
689 3088 800 3153 induci
821 3088 958 3173 patiare.
1000 3086 1071 3171 (Sic
1093 3087 1244 3168 ιιγόνιου

131 3192 287 3259 dixerunt
314 3201 347 3255 et
363 3187 588 3274 τεττιγόνιον,
620 3187 738 3268 πάξιον
771 3199 803 3253 et
830 3184 1012 3268 τοπάζιον.)
1068 3185 1243 3273 Vulgatem

131 3294 304 3358 lectionem
337 3315 395 3357 suo
417 3313 578 3358 consensu
610 3295 715 3358 munit
747 3290 892 3378 Hesyeh.
926 3289 962 3353 II
992 3291 1071 3352 1573
1106 3288 1243 3373 integris

132 3395 201 3459 fere
230 3393 368 3480 Didymi
395 3392 504 3459 verbis
534 3396 690 3477 servatis,
722 3403 758 3459 ut
784 3413 923 3459 censura
949 3393 1013 3455 ista
1038 3383 1179 3472 ἄμεινον
1206 3388 1245 3451 δέ

131 3494 228 3559 fidem
256 3493 346 3558 facit.
396 3491 620 3577 Ψαλάμων·
648 3498 732 3561 ἔνιοι
755 3492 909 3576 υάλυγας
932 3491 1019 3578 (cod.
1040 3486 1162 3575 υαγάς)
1185 3484 1243 3563 τὰς

131 3596 311 3679 λεγομένας
333 3593 441 3679 ψυχάς
463 3596 589 3679 (Vales.
602 3597 697 3662 Voss.
711 3597 827 3662 Heins.
844 3599 940 3678 υίχοις
957 3594 1123 3677 ‘micas’)·
1147 3584 1241 3671 ἀμει-

130 3720 194 3761 νον
218 3695 253 3762 δὲ
282 3698 369 3783 (eod.
393 3696 461 3783 nai)
486 3696 564 3773 τοὺς
586 3692 743 3774 ἀσθενεῖς
765 3701 965 3777 σπινθῆρας.
1013 3688 1242 3756 Ohoeroboseo

131 3800 305 3885 impactum
319 3801 434 3863 vitium
445 3801 558 3879 τρίχας
570 3798 645 3861 hine
663 3797 770 3862 facile
782 3794 905 3873 ablues,
927 3795 955 3855 si
974 3791 1161 3854 memineris
1175 3786 1242 3864 νά-

129 3923 188 3982 ηας
198 3899 264 3965 diei
279 3899 456 3965 cicindelae
471 3901 730 3984 (Leuchtmticleen,
742 3894 1084 3975 Ιοίιοιυιίοιοάτνιοίιτιι),
1098 3890 1140 3953 ef.
1154 3889 1240 3953 Plin.

129 4002 160 4066 h.
170 4023 202 4065 n.
214 4001 334 4067 XVIII
348 4004 387 4064 26
401 4001 550 4086 Geopon.
564 3996 628 4061 XV
643 4003 667 4080 1,
677 4001 713 4060 21
730 3994 970 4080 v01.11p.1046
984 3992 1034 4056 ed.
1045 3989 1240 4054 Niel.Piere.

130 4103 173 4167 ad
195 4102 332 4168 Moerid.
355 4125 387 4188 p.
411 4104 473 4165 397
493 4100 604 4187 Steph.
627 4099 710 4164 thes.
737 4095 785 4161 IV
802 4118 833 4181 p.
856 4094 961 4158 7513.
994 4092 1090 4156 Adde
1110 4090 1241 4156 Aelian.

132 4205 163 4268 h.
185 4227 214 4269 a.
239 4204 316 4278 112
346 4205 449 4268 Arist.
474 4203 504 4267 h.
529 4225 558 4267 a.
583 4200 665 4264 VIII
690 4203 729 4263 26
753 4194 907 4283 ἠπίολος,
941 4189 1123 4279 ηπιλιώτης
1154 4192 1240 4257 Plin.

182 4329 340 4372 οωτιιυο.
1014 4296 1033 4354 6
