2962 5024
612 443 801 503 -γ-
1202 419 1260 482 189

151 586 276 675 χεύω,
298 582 344 654 ἵν’
364 577 386 674 ᾗ
400 584 543 662 ἐνεστώς
559 579 634 650 άντί
651 586 852 669 μέλλοντος]
874 585 969 650 Harl.
988 586 1056 649 -Pro
1072 583 1262 649 Herodiano

152 689 230 753 vide
251 710 292 752 nc
313 687 501 752 Zenodotus
523 684 744 749 restituendus
768 686 822 749 sit.

240 791 311 852 244.
342 784 539 868 πανέμεν·
580 777 707 861 Ῥιανὸς
735 780 858 867 γράφει
889 781 956 846 καὶ
986 779 1182 866 παύεται,
1207 783 1263 848 καὶ

152 886 255 973 λόγον
287 892 353 972 ἔχει
386 879 442 951 διά
459 881 496 950 τὸ
521 882 581 949 τὸν
610 884 732 969 μάντιν
762 886 868 950 εἰπεῖν
894 879 1107 968 εφραζώμεθ’
1137 879 1183 962 ὥς
1202 908 1262 964 κεν

152 984 410 1072 καταπαύσομεν
418 995 441 1071 ’,
476 987 511 1050 ot
529 985 566 1051 di
585 984 640 1051 καὶ
668 980 764 1051 αὐτοὶ
792 985 976 1050 παυέσθων
1003 987 1105 1073 (168).
1148 985 1203 1050 καὶ
1224 983 1262 1052 τὸ

153 1087 272 1176 εἡμέας
293 1085 449 1171 ὀτρύνων
467 1089 730 1171 καταπαυέμεν’.
754 1086 795 1168 Ω.
817 1087 911 1151 Harl.
935 1087 990 1152 Sic
1012 1088 1130 1174 scripsi
1153 1088 1263 1152 ePor-

152 1193 224 1255 soni
246 1189 487 1263 etButtmanni
509 1187 704 1251 coniecturis
723 1186 925 1251 certissimis.

237 1294 309 1356 260.
333 1289 426 1370 Ωιταε
445 1288 617 1352 Nicanoris
641 1297 717 1352 sunt
738 1310 838 1375 supra
860 1289 1032 1376 exscripsi.

234 1395 307 1457 294.
340 1391 415 1456 Huc
438 1391 584 1476 recipere
613 1412 679 1454 non
705 1392 820 1455 ausim.
866 1390 918 1456 cf.
947 1391 1075 1456 Nauck.
1098 1395 1157 1456 Ar.
1181 1393 1263 1479 Byz.

178 1496 260 1558 ‚22
281 1496 333 1558 23.

153 1517 174 1580 p
236 1597 309 1658 311.
332 1587 533 1657 ἀκέοντα·
552 1585 680 1667 Ῥιανὸς
702 1589 836 1675 γράφει,
858 1585 1045 1655 ἀέκοντα.
1073 1593 1116 1655 Η.

238 1698 311 1760 321.
332 1691 506 1760 σπάσεν·
526 1691 745 1776 Ἀρίσταρχος,
769 1689 931 1775 σπάσατο.
956 1692 997 1772 Ω.
1021 1691 1065 1756 H.

237 1798 310 1860 322.
333 1797 422 1880 ῥεῖα
443 1791 516 1859 κτὲ·
548 1788 732 1875 άθετεῑται,
758 1787 804 1870 ὡς
825 1793 987 1876 περιττός.
1024 1794 1204 1877 προηθέτει
1228 1790 1264 1859 δὲ

154 1896 209 1959 καὶ
227 1890 477 1980 Ἀριστοφάνης.
502 1895 542 1977 Q.
634 1955 636 1960 .

237 2000 308 2063 338.
354 1993 426 2063 ὅθι
449 1994 585 2081 νητός·
614 1993 855 2080 Ἀριστοφάνης
881 1993 1128 2081 ὅθιννητός,
1160 1993 1205 2074 ὡς
1227 1992 1264 2061 τὸ

154 2098 224 2163 ‘aa
238 2099 450 2182 μεχάροισιν’
469 2101 553 2185 (94),
572 2094 783 2182 Ἀρίσταρχος
799 2096 835 2163 δὲ
850 2094 898 2164 δι’
916 2097 991 2177 ἑνὸς
1007 2124 1037 2164 ν.
1061 2099 1155 2164 Harl.
1178 2099 1265 2163 Hinc

140 2200 309 2267 ,discimus
327 2203 369 2266 ad
390 2205 412 2286 β
434 2205 474 2266 94
503 2199 640 2286 Didymi
661 2200 922 2265 observationem
944 2202 1092 2287 periisse.
1137 2200 1264 2264 Nauck.

150 2324 185 2387 p.
209 2305 245 2364 51
270 2310 356 2365 recte
377 2300 652 2386 ένιμμεγάροισιν
673 2302 797 2367 scribit.

239 2405 311 2465 410.
332 2406 593 2488 Καλλίστρατος·
617 2405 714 2467 δεῦτε
735 2407 829 2486 φίλοι
847 2398 927 2487 ὄφρ’
950 2398 1007 2486 ἤϊα
1030 2393 1177 2490 (εσσῇα)
1201 2425 1265 2485 φε-

156 2500 304 2587 ριάμεθα.
350 2503 404 2567 καὶ
427 2507 494 2571 ἔστι
517 2510 576 2590 τῆς
597 2506 761 2587 νεωτέρας
780 2499 933 2579 Ἀτθίδος
954 2500 991 2568 τὸ
1014 2499 1123 2581 οὕτως
1145 2520 1266 2567 συναι-

155 2615 236 2687 ρεῑν.
257 2603 298 2685 Q.
322 2603 416 2670 Harl.

688 2799 718 2858 γ.

242 2913 271 2972 7.
305 2906 578 2973 πεντακόσιοι
602 2904 634 2974 d'
659 2910 702 2974 ἐν
725 2905 893 2995 ἑκάστη·
916 2902 1005 2972 οὕτω
1028 2903 1085 2973 διὰ
1106 2910 1168 2971 τοῦ
1189 2930 1210 2970 α
1228 2903 1266 2971 τὸ

156 3007 370 3074 πεντακόσιοι
390 3005 618 3093 Ἀρίσταρχος.
636 3061 665 3075 ..
691 3011 732 3091 Q.

241 3114 270 3175 8.
295 3104 550 3193 προῦθεντο·
575 3110 737 3197 γράφεται
753 3109 808 3176 καὶ
823 3107 1023 3197 προῦχοντο.
1056 3106 1266 3194 Ἀρίσταρχος

154 3214 350 3296 προείχοντο
371 3216 418 3300 τῷ
435 3214 518 3300 θεῷ,
538 3203 612 3278 οἷον
633 3225 792 3298 παρεῖχον
850 3263 856 3277 .
873 3215 914 3281 Ε.
928 3214 969 3296 Q.
989 3213 1135 3301 Hesych.
1156 3206 1266 3294 προῦ·

155 3335 271 3397 χοντο,
290 3313 454 3398 ένίχοντο.

234 3414 314 3479 ibid.
363 3412 582 3481 ἑκάστοθι·
619 3412 827 3501 Ἀρίσταρχος
863 3415 919 3482 καὶ
945 3411 1151 3505 Ἡρφδιανός
1189 3411 1269 3478 ἑκά-

156 3524 271 3598 στοθι,
292 3516 330 3579 έν
349 3513 476 3604 ἑκάστφ
493 3513 585 3605 τόπφ
607 3518 671 3582 κτέ.
701 3518 741 3599 Ω.
784 3519 931 3605 Apparet
953 3516 1030 3581 hinc
1054 3514 1191 3600 Didymi
1212 3515 1268 3579 ad·

156 3617 354 3680 notationem
377 3618 539 3703 quandam
561 3620 601 3683 de
620 3619 801 3684 Aristarchi
822 3620 961 3683 lectione
984 3614 1165 3698 exstitisseg
1186 3637 1269 3702 quae

155 3724 294 3778 aetatem
311 3715 456 3781 tulerunt
475 3717 628 3782 videntur
648 3741 690 3782 ex
712 3720 901 3785 Herodiano
925 3726 1089 3804 excerpta.

243 3820 292 3880 10.
327 3821 540 3882 ‘Aristarchus
560 3831 590 3882 et
606 3824 798 3884 Herodianus
819 3827 897 3883 alter
915 3827 1010 3883 altero
1031 3823 1117 3882 modo
1139 3812 1267 3881 κατά·

155 3911 266 4001 νοντ’
290 3910 349 4001 ἡδ’
374 3929 404 3982 et
424 3915 660 4001 κατάγοντο
682 3915 769 3985 ίδ’.’
791 3921 885 3984 Pors.
908 3942 951 3983 ex
971 3919 1015 3983 H.

245 4021 293 4082 11.
331 4025 516 4084 στεῖλαν·
551 4019 587 4084 οί
604 4021 680 4103 περὶ
700 4019 894 4104 Ζηνόδοτον
916 4030 1065 4084 σετσαν
1086 4013 1266 4101 άείροντες.

154 4116 229 4185 τότε
250 4118 287 4184 δέ
311 4123 472 4202 σείονσιν,
496 4115 552 4187 ὅτε
572 4118 742 4204 θελησωσι
763 4119 902 4205 χαλάσαι
925 4116 962 4186 τὸ
985 4115 1143 4204 ἄρμενον.
1167 4121 1208 4201 Ω.

244 4225 295 4285 24.
339 4217 470 4300 attae
500 4216 531 4287 δ’
566 4212 618 4287 αὖ
650 4224 727 4312 νέφ
760 4219 898 4304 άνάρί·
923 4218 1022 4287 ὀὕτω
1055 4222 1092 4289 δὲ
1121 4225 1156 4288 oi
1185 4220 1268 4288 κατά

149 4313 280 4385 Ῥιανόν
301 4324 389 4408 (cod.
409 4318 575 4410 Ἀριανόν,
598 4347 660 4390 em.
685 4325 793 4409 Pons.)
816 4324 911 4390 Harl.
932 4326 998 4389 Pro
1019 4326 1054 4389 οί
1071 4324 1157 4389 malo
1181 4325 1224 4389 αί.
