2962 5024
213 372 273 433 244

212 532 398 622 ἠκούσατε,
420 536 475 599 καλ
496 527 538 597 ού
558 532 642 614 πρὸς
664 529 724 597 τάν
748 534 825 597 Δία.
856 530 894 596 έν
918 525 998 615 ἤθει
1020 524 1085 599 οὖν
1103 531 1140 600 τὸ
1157 539 1237 602 Ζεύ
1258 539 1331 602 καὶ

213 643 262 724 γά
287 638 355 703 καί
380 640 475 719 φῶς.
521 638 621 700 τούτο
651 631 687 698 δὲ
714 628 966 717 Ἀπολλόδωρος
994 639 1051 718 τῆς
1080 638 1234 720 Μηδείας
1262 662 1332 721 φη-

213 745 289 823 σίν,
312 735 376 804 ἀπὸ
403 739 440 804 δὲ
463 743 525 803 τού
549 736 668 821 ἰαχάν
690 739 751 801 τοῦ
773 740 889 822 χοροῦ,
904 730 951 800 ἵν’
977 738 1033 823 ἔχη
1061 735 1165 821 λόγον
1195 736 1232 804 τὸ
1261 735 1332 805 κά-

212 845 416 926 πιβοάται
444 841 574 925 Θέμιν
608 832 812 904 εὐκταίαν
838 835 952 921 Ζῆνά
979 862 1024 905 τε
1050 840 1095 927 (v.
1124 842 1216 927 171),
1249 838 1331 921 τούς

212 938 246 1011 δ’
271 938 456 1026 ὑποκριτὰς
476 939 643 1025 συγχέειν.

298 1047 347 1133 (8)
381 1045 505 1109 Iterum
536 1068 568 1108 v.
607 1047 660 1107 171
698 1065 730 1128 p.
765 1045 837 1106 350.
869 1045 941 1125 351,
975 1053 1146 1129 postquam
1164 1044 1327 1131 interpres

117 1140 119 1145 ’
210 1143 404 1232 Apollodori
426 1141 599 1207 Tarsensis
627 1141 822 1205 sententiam
844 1143 1013 1226 exposuit,
1043 1141 1243 1228 Didymeum
1271 1145 1329 1224 ζη-

128 1298 129 1301 ¹
210 1246 353 1331 τηματος
381 1242 482 1310 λύσιν
509 1245 611 1308 adicit
637 1237 656 1306 d
685 1241 722 1307 δὲ
745 1239 939 1326 Δίδυμος
964 1261 1089 1326 φησιν,
1113 1237 1166 1307 ὅτι
1187 1238 1243 1307 διά
1264 1248 1328 1308 τοῦ

211 1349 322 1431 λέγειν
345 1342 412 1411 διά
434 1369 512 1428 μου
535 1347 721 1428 κεφαλῆς
743 1339 849 1427 φλὸξ
876 1338 1051 1431 ούρανία
1081 1347 1178 1429 βαίη
1210 1345 1329 1410 έπικα-

211 1456 315 1516 λεῖται
332 1443 393 1512 τὸν
414 1450 490 1512 Δία.
536 1451 584 1524 τίς
606 1442 671 1531 γάρ
693 1441 781 1531 εἶχεν
808 1441 894 1532 αὐτῇ
916 1445 1099 1529 ἐπιπέμψαι
1121 1443 1181 1512 τὸν
1201 1470 1326 1528 κεραυ-

210 1549 289 1634 νόν,
319 1553 350 1615 εί
371 1547 416 1632 μὴ
444 1542 462 1613 ὁ
485 1545 588 1628 Ζεύςς
618 1551 648 1614 εί
669 1545 765 1632 καὶὴ
794 1553 978 1634 πρεσβῦτις
996 1546 1041 1633 μὴ
1061 1547 1215 1632 πάντων,
1232 1539 1282 1614 ύν
1306 1544 1328 1632 ἡ

210 1651 346 1737 Μήδεια
367 1652 597 1736 ἐπεκαλέσατο,
622 1649 785 1737 ἐμνήσθη,
808 1646 851 1716 ού
874 1648 1077 1736 παράδοξον.
1097 1646 1249 1737 ἠρκέσθη
1261 1650 1326 1736 γάρ

209 1767 279 1833 τοῖς
303 1749 531 1838 σεμνοτάτοις.

297 1857 345 1944 (9)
368 1855 572 1936 Quibuscum
594 1854 770 1931 cohaerent
791 1877 823 1918 v.
844 1856 905 1916 212
926 1851 999 1918 τάν
1021 1851 1156 1938 Ζηνὸς
1179 1848 1328 1938 ὁρκίαν

210 1957 371 2040 θέμιν]
393 1962 497 2022 ταῦτα
530 1967 600 2032 τοῖς
630 1950 784 2032 ἀξιοῦσιν
817 1949 884 2019 ὑπὸ
920 1960 978 2039 της
1000 1958 1152 2039 Μηδείας
1183 1953 1240 2022 διά
1268 1960 1328 2040 της

210 2058 354 2142 Θέμιδος
375 2061 627 2141 προσειλῆφθαι
648 2055 709 2121 τὸν
724 2060 792 2122 Δία
814 2054 1030 2139 συμπράττει.
1071 2059 1107 2123 οί
1125 2061 1212 2141 γοῦν
1239 2080 1326 2138 προ-

208 2155 562 2244 υπομνηματισάμενοι
591 2154 783 2243 γράφουσιν
812 2152 937 2234 οὕτως·
976 2159 1117 2224 δύναται
1145 2156 1181 2225 τά
1213 2163 1325 2243 λέγειν

209 2257 345 2343 Ζηνὸς
372 2255 521 2343 ὁρκίαν
551 2262 680 2344 Θέμιν
705 2263 874 2344 βοηθῆσαι
902 2271 971 2337 τοῖς
995 2260 1243 2347 προκειμένοις,
1272 2256 1325 2325 ὅτι

209 2358 266 2427 διά
289 2367 347 2445 τῆς
369 2363 512 2446 Θέμιδος
534 2359 594 2428 τὸν
610 2367 679 2427 Δία
700 2362 890 2426 ἐπεκαλεῖτο
915 2358 970 2427 διά
990 2360 1027 2426 τὰ
1050 2358 1136 2428 εἶναι
1158 2359 1243 2440 Διὸς
1262 2358 1327 2446 την

208 2469 324 2549 Θέμιν.
370 2464 467 2531 Adde
487 2465 588 2531 schol.
613 2464 709 2529 adv.
735 2467 795 2527 215
819 2459 905 2529 ὥστε
924 2502 968 2514 -
989 2464 1230 2531 ἐπικαλεῖσθαι.

294 2570 365 2656 (10)
387 2567 476 2634 Med.
501 2569 562 2631 276
580 2590 612 2654 p.
637 2570 698 2630 357
727 2568 960 2650 Παρμενίσκος
981 2564 1104 2651 γράφει
1127 2562 1210 2632 κατά
1233 2566 1325 2645 λέξιν

208 2665 332 2748 οὕτως*
354 2681 424 2747 ταῖς
448 2663 666 2752 δὲ-ἀργήν.
713 2668 906 2750 Δίδυμος
928 2664 966 2733 δὲ
987 2669 1198 2743 ἐναντιοῦται
1213 2667 1323 2758 τούτῳ

208 2772 271 2858 (sio
293 2771 381 2836 Flor.
415 2775 453 2850 15
482 2766 615 2836 τούτων
643 2770 731 2835 Flor.
755 2771 790 2854 6)
821 2768 876 2833 καὶ
899 2773 1118 2854 παρατίθεται
1142 2766 1183 2836 τά
1204 2776 1324 2852 Κρεω-

209 2872 323 2955 φύλου
345 2872 463 2956 ἒχοντα
485 2865 613 2948 οὕτως·
658 2866 721 2953 τὴν
749 2865 813 2952 γάρ
839 2865 997 2953 Μήδειαν
1018 2872 1108 2954 λέγει
1128 2872 1325 2955 διατρίβου-

207 2989 273 3036 σαν
298 2972 335 3036 ἐν
357 2976 518 3059 Κορίνθῳ
543 2969 605 3037 τάν
627 2967 773 3054 ἀρχοντα
796 2969 872 3037 τότε
895 2975 954 3056 τῆς
976 2970 1105 3052 πόλεως
1127 2968 1322 3038 ἀποκτεῖναι

209 3070 414 3155 φαρμάκοις,
458 3074 618 3139 δείσασαν
645 3070 682 3139 δὲ
705 3067 787 3151 τούς
810 3078 932 3157 φίλους
962 3071 1119 3153 καὶτοὺς
1146 3085 1322 3158 συγγενεῖς

207 3167 316 3236 αὐτοῦ
337 3184 460 3256 φυγεῖν
488 3177 535 3250 είς
553 3169 713 3257 Ἀθήνας,
744 3171 824 3253 τούς
846 3174 883 3241 δὲ
906 3174 1021 3260 υίούς,
1058 3177 1129 3242 έπεῖ
1159 3173 1320 3258 νεύτεροι

205 3269 302 3352 ὄντες
321 3268 386 3339 οὐκ
409 3268 581 3357 ἠδύναντο
602 3270 819 3359 ἀκολουθεῖν,
842 3281 980 3345 καθίσαι
1005 3279 1206 3366 (εἰοΜελῖΙι,
1220 3286 1323 3345 καθι-

207 3388 258 3441 εῖν
278 3377 389 3463 codd.)
419 3375 473 3442 έπὶ
491 3373 561 3447 τὸν
585 3374 702 3462 βωμὸν
726 3382 784 3462 της
809 3374 960 3462 Ἀκραίας
978 3376 1100 3465 Ἥρας,
1135 3384 1322 3464 νομίσασαν
1433 3383 1438 3391 ”

206 3475 267 3544 τὸν
286 3478 411 3562 πατέρα
432 3474 547 3544 αύτιδν
572 3492 747 3564 φροντιεῖν
767 3485 826 3564 τῆς
842 3485 1007 3566 σωτηρίας
1030 3475 1155 3546 αὐτῶν.
1183 3479 1263 3557 τούς
1283 3481 1320 3546 δὲ

208 3579 375 3661 Κρέοντος
397 3583 542 3658 οἰκείους
560 3575 823 3660 ἀποκτείναντας
845 3576 972 3661 αύτούς
985 3585 1163 3648 διαδοῦναι
1184 3579 1318 3666 λόγους,

208 3674 260 3746 ὅτι
283 3675 303 3764 ἡ
332 3679 466 3765 Μήδεια
492 3677 533 3748 ού
555 3680 664 3767 μόνον
684 3680 745 3750 τὸν
766 3685 929 3767 Κρέοντα,
952 3680 1036 3751 ἀλλά
1059 3684 1114 3749 καὶ
1135 3683 1215 3762 τούς
1238 3683 1319 3749 ἑαυ-

206 3785 265 3865 τῆς
285 3784 406 3861 παῖδας
427 3778 612 3850 ἀπέκτεινε.
656 3789 832 3870 γεγονέναι
852 3786 889 3852 δέ
910 3787 1145 3870 παραπλήσιον
1168 3784 1320 3869 μυθεύε-

206 3904 260 3948 ται
279 3884 335 3949 καὶ
354 3884 430 3965 περὶ
451 3882 511 3951 τὸν
524 3881 694 3953 Ἄδωνιν.-

289 3988 359 4071 (11)
395 3991 456 4052 360
486 4010 517 4074 p.
550 3991 612 4054 362
646 3984 694 4054 ού
723 3988 800 4074 γάρ
833 4016 871 4056 τι
905 3988 1094 4072 δράσεις·
1129 3991 1319 4073 Δίδυμος

202 4082 284 4170 μετὰ
307 4090 406 4152 τούτο
426 4088 522 4170 φέρει
544 4085 581 4154 τό
605 4095 700 4177 σιγῇ
721 4086 1070 4177 δόμουςείσβάσ’,
1091 4087 1147 4156 ἵν’
1166 4093 1318 4175 ἔστρω-

202 4211 268 4253 ται
298 4190 426 4272 λέχος.
472 4189 526 4254 καλ
559 4191 723 4274 μέμφεται
754 4207 823 4273 τοῖς
855 4190 1068 4277 ὑποκριταῖς,
1099 4188 1144 4272 ὥς
1174 4189 1320 4274 ἀκαίρως

202 4283 309 4353 αύτδν
341 4286 534 4355 τάσσουσιν.
586 4293 678 4357 Ἠοο
710 4295 867 4360 scholium
894 4295 1022 4359 dubitat
1054 4294 1092 4359 P.
1125 4295 1239 4358 Elmsl.
1268 4295 1316 4378 (ν.
