2932 5002
649 1342 696 1435 V.

275 1542 486 1624 DUBIAE
519 1544 672 1625 SEDIS
702 1545 1066 1626 FRAGMENTA.

656 1763 669 1821 1

198 1872 307 1938 Bekk.
330 1877 465 1942 aneedd.
495 1876 512 1940 Ι
542 1879 602 1939 374
637 1870 829 1957 ἀλάστωρ
857 1916 899 1925 -
922 1872 1005 1940 κατὰ
1033 1873 1071 1940 δὲ
1093 1879 1225 1943 Δίδυ-

113 1993 191 2054 μον
213 1968 279 2039 ἀπὸ
302 1980 364 2041 τοῦ
387 1987 455 2055 τοῖς
472 1972 599 2043 ἄλαστα
614 1976 801 2059 πάσχουσιν
820 1975 1015 2062 ἐπαμύνειν.

199 2076 344 2143 Ukertus
356 2080 389 2142 in
404 2079 571 2145 Abhandl.
587 2079 619 2144 d.
640 2079 746 2152 ελολιε.
760 2078 942 2145 Gesellsch.
966 2080 999 2169 d.
1019 2078 1223 2144 Wissensch.

111 2176 243 2263 Ip.108
266 2173 445 2261 ‘abaciam
467 2183 570 2246 heisst
594 2181 652 2245 der
667 2181 826 2264 Daemon,
844 2183 878 2244 in
900 2203 935 2246 so
955 2181 1028 2245 fern
1051 2204 1086 2245 er
1102 2181 1222 2244 Frevel

113 2279 232 2343 straft?
255 2281 347 2344 Idem
360 2284 501 2348 conferri
524 2282 614 2347 iubet
624 2281 744 2347 Aeseh.
763 2282 855 2346 Pers.
870 2285 926 2345 351
946 2282 1046 2370 Soph.
1065 2282 1134 2348 00.
1160 2285 1221 2347 788

111 2377 277 2441 Plutarch.
290 2401 321 2464 p.
333 2383 422 2444 1582.
440 2385 516 2447 1621
535 2383 603 2445 Cic.
620 2385 659 2444 34
676 2381 716 2460 Q.
733 2381 791 2444 Gr.
807 2384 847 2443 25
865 2380 986 2444 Athen.
1003 2380 1039 2442 II
1059 2404 1092 2466 p.
1106 2382 1146 2444 63
1169 2381 1221 2443 In·

111 2502 174 2544 scr.
188 2478 298 2565 Triop.
322 2502 353 2565 p.
377 2485 395 2543 4
420 2482 471 2546 ed.
494 2482 593 2546 Salm.
615 2505 646 2568 p.
667 2484 708 2543 22
732 2481 782 2545 ed.
797 2482 887 2546 Vise.
905 2482 1002 2544 Paus.
1025 2481 1041 2542 Ι
1064 2485 1104 2543 30
1128 2480 1220 2545 suid.

112 2604 138 2645 s.
161 2603 194 2644 v.
221 2580 373 2665 Μέλητος
395 2580 477 2648 Poll.
499 2581 530 2645 V
553 2584 593 2645 26
614 2584 634 2661 ξ
658 2583 713 2644 131
738 2580 819 2647 Hes.
842 2592 884 2647 et.
908 2604 950 2645 m.

649 2737 680 2799 2.

195 2853 249 2917 Et.
278 2874 320 2916 m.
348 2854 421 2934 178,
446 2853 464 2915 3
495 2850 568 2915 cod.
595 2851 670 2916 Par.
701 2855 784 2917 2630
813 2845 968 2935 ἄφενος
988 2889 1032 2900 -
1054 2841 1075 2934 ἢ
1095 2844 1220 2928 ἄπονος

110 2952 147 3020 τὸ
171 2949 216 3039 μὴ
239 2953 276 3018 ἐν
293 2956 406 3041 πενίᾳ,
437 2947 510 3018 ἀλλ’
533 2951 571 3017 ἐν
593 2957 769 3041 περιουσίᾳ
789 2951 976 3038 χρημάτων.

645 3110 663 3171 3

194 3226 247 3291 Et.
265 3249 308 3291 m.
328 3227 452 3307 179,13
476 3225 562 3289 Gud.
579 3229 630 3310 97,
653 3228 692 3290 37
717 3225 825 3291 (Iram.
840 3225 976 3290 aneedd.
1000 3224 1213 3309 Ox.137,11

108 3339 150 3393 et.
174 3327 293 3414 Angel.
318 3326 379 3393 col.
406 3329 443 3389 12
465 3348 497 3413 p.
515 3326 600 3390 VIII
615 3328 666 3393 ed.
679 3327 836 3393 Ritschel.
857 3318 1156 3410 Ἀφροδίτη-ὁ
1179 3323 1216 3387 δὲ

109 3433 300 3514 Δίδυμος
325 3426 414 3512 παρὰ
443 3427 480 3492 ιδ
507 3423 616 3514 ἁβρὸν
642 3434 700 3514 τῆς
727 3431 872 3511 διαίτης·
900 3423 936 3491 τὸ
970 3420 1033 3509 γὰρ
1062 3428 1216 3509 βτοῠφ

109 3532 270 3614 συγγενές
288 3530 390 3606 ἐστιν.
434 3531 539 3613 δῆλον
554 3532 591 3595 ἐκ
613 3536 675 3596 τοῦ
691 3527 771 3608 τούς
791 3526 992 3604 Μακεδόνας
1011 3523 1072 3591 τόν
1094 3531 1217 3591 Φίλιπ-

111 3657 177 3699 πον
202 3637 368 3697 Βίλιππον
394 3637 509 3695 καλεῖν
537 3632 591 3697 καὶ
619 3628 679 3697 τὸν
697 3629 873 3716 φαλακρόν
891 3625 1063 3715 βαλακρόν
1082 3623 1217 3692 καὶτὸν

108 3728 312 3815 Κεφαληνόν
333 3729 535 3816 Κεβαληνόν
557 3733 613 3798 καὶ
639 3730 718 3810 τούς
740 3730 878 3817 Φρύγας
898 3729 1034 3813 Βρύχας
1056 3726 1110 3792 καὶ
1133 3722 1213 3803 τούς

106 3830 251 3917 ἀνέμους
262 3829 318 3897 διὰ
337 3828 374 3897 τό
397 3837 513 3920 φυσᾷν
535 3829 689 3917 φυσητάς
709 3828 809 3911 ὄντας
823 3831 957 3918 βύκτοις.
981 3829 1035 3894 καὶ
1050 3823 1213 3911 Ὅμηρος·

107 3933 284 4022 εβυκτάων
305 3928 439 4017 ἀνέμων
461 3934 620 4018 κατέδησε
642 3931 852 4012 κελεύθους)
886 3935 986 4015 διχῶς
1008 3926 1045 3994 δὲ
1065 3922 1085 4012 ἡ
1109 3921 1216 4012 ἆβρο-
1318 3964 1321 3968 -

106 4041 247 4113 δίαιτος·
277 4030 330 4101 ὅτι
352 4036 407 4101 δεῖ
426 4030 512 4122 αὐτῇ
534 4031 591 4101 διὰ
613 4034 734 4113 κάλλος
754 4037 884 4119 χλιδῆς,
919 4027 940 4116 ἢ
962 4027 1014 4097 ὅτι
1036 4028 1215 4113 κατεχόμε-

108 4165 161 4206 νοι
186 4142 226 4223 τῇ
248 4142 315 4226 θεᾷ
337 4131 435 4222 ἁβροὶ
457 4136 513 4202 καὶ
535 4143 738 4215 πολυτελεῖς.
783 4132 873 4201 οὕτω
896 4137 1095 4215 Δίδυμος.

190 4240 243 4304 Cf.
267 4249 309 4305 et.
323 4263 366 4304 m.
383 4244 453 4323 195,
470 4244 510 4307 36
529 4239 661 4323 Βίροια.
684 4237 802 4302 Valek.
821 4238 863 4301 ad
877 4236 956 4301 Hdt.
973 4233 1021 4297 VI
1033 4236 1074 4295 45
1096 4254 1128 4317 p.
1151 4232 1212 4292 547

155 4363 313 4405 numus.
964 4334 1005 4394 26
