2948 5024
603 403 807 463 *N-
1198 410 1258 471 149

106 568 107 571 ’
223 570 297 631 347.
320 559 424 642 Ζεύς
445 565 519 648 μέν
539 566 604 652 δα·
628 562 736 646 οὕτως
749 563 971 654 Ἀρίσταρχος,
993 564 1087 636 ἄλλοι
1105 568 1257 650 δὲΖεύς

138 668 214 752 μὲν
233 663 322 750 ἄρα.
345 668 386 731 A.

225 771 298 833 348.
319 762 562 856 Ἀριστοφάνης
581 764 629 835 οό
653 766 687 836 δ’
708 767 790 855 όγε.
814 774 855 837 A.

224 873 296 937 358.
319 875 384 935 τοί
390 897 398 911 ·
419 866 529 950 οὕτως
545 867 797 958 Ἀριστοφάνης,
821 869 916 939 ἄλλοι
939 871 976 939 δὲ
998 874 1050 938 oc.
1073 876 1114 939 A.

223 977 295 1038 359.
311 967 369 1039 ἐπ’
386 967 683 1057 ἀμφοτέροισι·
699 971 1026 1060 διχιθςἈρίσταρχος,
1042 975 1097 1040 καὶ
1111 968 1166 1040 ἐπ’
1184 971 1256 1039 ἀλ-

141 1073 187 1160 λη’
194 1081 287 1141 λοισ
294 1099 343 1141 ιν.
364 1075 402 1140 ἓν
419 1073 455 1140 δὲ
474 1070 521 1142 δι’
544 1071 747 1161 ἀμφοτέρων
761 1072 797 1142 τό
814 1077 1010 1163 λεγόμενον,
1034 1072 1085 1141 ὅτι
1102 1070 1256 1141 anoua-

140 1179 209 1242 δοΞν
226 1170 317 1242 καλό
339 1174 426 1256 Ζεύς
447 1175 509 1244 τόν
530 1175 677 1262 πόλεμον
701 1203 740 1265 τη
764 1174 1104 1264 Ἐριδισννέδησαν,
1134 1173 1172 1242 τό
1194 1179 1254 1242 πέ-

137 1303 196 1361 ρας
217 1281 276 1362 τῆς
303 1280 416 1364 ἔριδος
450 1279 505 1345 καλ
536 1278 638 1346 πάλιν
669 1276 706 1345 τό
739 1284 802 1346 τοῦ
830 1282 980 1367 πολέμου
1009 1279 1170 1367 λαβόντες
1198 1279 1255 1344 καί

136 1377 380 1458 έπαλλάξαντας
400 1375 453 1445 ἐπ’
478 1380 691 1465 ἀμφοτέροις,
715 1376 828 1466 ὥσπερ
851 1385 886 1448 οί
898 1381 938 1448 τά
957 1379 1091 1466 ἀμματα
1108 1386 1254 1448 ποιοῦν·
1316 1405 1326 1411 ·

134 1504 196 1565 τες,
209 1479 286 1548 τόδε
296 1482 349 1548 έπί
364 1482 450 1549 τόδε.
464 1479 572 1561 οὕτως
582 1477 802 1580 Ἀρίσταρχος.
816 1485 857 1548 Α.
871 1485 925 1550 W.
937 1485 1096 1552 Ribbeck.
1111 1493 1251 1575 quaestt.

133 1584 257 1649 Zenod.
279 1608 311 1672 q.
334 1587 385 1667 28,
403 1591 433 1650 4.
679 1660 682 1662 ,

217 1689 290 1751 363.
321 1684 574 1771 Καβησόθεν
601 1687 729 1750 ἔνδον
755 1682 899 1751 ἐόντα·
930 1687 967 1751 ἐν
1000 1693 1046 1775 τῇ
1073 1685 1251 1773 Ἀργολικῇ

129 1780 301 1872 Ἑκάβης
322 1785 454 1853 νόθον
472 1785 570 1874 υίόν
592 1787 727 1852 ἐόντα.
753 1787 808 1853 καὶ
827 1787 909 1872 τάχα
931 1781 973 1853 ἀν
1004 1796 1054 1873 είη
1075 1784 1252 1873 ἁμάρτημα

136 1883 213 1955 κατ’
239 1883 383 1972 άμνοιαν
405 1894 463 1973 τῆς
484 1887 655 1974 Καβήσου.
679 1891 721 1956 A.
1034 1966 1041 1974 .

217 1995 290 2056 364.
314 1989 415 2074 μετά
434 1993 573 2068 κλέος·
596 1988 837 2077 Ἀριστοφάνης
859 1990 962 2059 κατά
989 1993 1118 2070 κλέος.
1142 1994 1183 2056 Α.

216 2097 288 2156 367.
312 2088 553 2176 ἀπωσέμεν*
573 2089 783 2179 Ἀρίσταρχος
804 2090 1032 2180 άνωσέμεν.
1055 2095 1097 2160 A.
1128 2095 1181 2160 Of.
1206 2093 1245 2160 V.

214 2199 287 2261 383.
310 2186 437 2261 εἷλκε·
455 2189 664 2280 Ἀρίσταρχος
683 2193 788 2265 ἕλκε.
808 2197 850 2262 A.

215 2299 286 2361 384.
306 2287 441 2381 ἦλθεν
460 2293 672 2383 ἀμύντωρ·
699 2293 911 2384 Ἀρίσταρχος
939 2289 1030 2382 ἦλθ’
1058 2295 1248 2379 ἐπαμύν-

131 2421 226 2481 τωρ.
249 2399 290 2464 A.

214 2504 287 2566 399.
318 2495 452 2581 αὐτάρ
483 2496 503 2564 6
530 2497 565 2583 γ’
599 2496 868 2583 ἀσθμαίνων·
908 2498 1119 2581 Ἀρίσταρχος
1149 2498 1248 2580 χωρίς

130 2604 191 2667 τοῦ
213 2628 233 2686 γ
255 2598 385 2685 αὐτὰρ
407 2597 425 2668 ὁ
448 2596 710 2684 ἀσθμαίνων.
733 2602 774 2667 A.

213 2707 285 2768 497.
315 2697 537 2784 κανόνεσσ’
567 2702 603 2766 ἐκ
634 2699 785 2783 πλήρους
810 2703 847 2766 αι’
873 2695 1090 2784 Ἀριστάρχου
1122 2694 1248 2763 κανό-

129 2823 260 2872 νεσσι.
290 2809 331 2870 Α.

212 2912 285 2972 415.
309 2904 431 2972 ίόντα
450 2901 505 2970 διά
528 2909 591 2971 τοῦ
610 2931 621 2970 ι
645 2906 681 2970 αί
697 2900 924 2988 Ἀριστάρχου.
948 2903 988 2968 A.
1113 2943 1117 2952 ·

210 3011 283 3073 423.
316 3001 426 3083 οὕτως
450 3003 506 3071 διὰ
537 3011 600 3072 τοῦ
633 3008 710 3072 εαί
734 3001 951 3089 Ἀριστάρχου
980 3001 1244 3090 στενάχοντε,

127 3104 169 3174 οό
193 3103 249 3175 διὰ
272 3113 334 3174 τοῦ
355 3132 376 3172 α
398 3106 656 3190 στενάχοντα
679 3107 732 3174 ἐπὶ
753 3112 815 3174 τοῦ
833 3110 959 3187 νεκροῦ
981 3112 1129 3189 (γελοῖον
1152 3104 1244 3193 γάρ),

128 3206 203 3277 ἀλλ’
224 3208 276 3276 ἐπί
298 3213 367 3275 τῶν
388 3208 629 3295 βασταζόντων.
654 3212 695 3275 A.

211 3315 283 3376 443.
317 3312 554 3395 πελέμιζεν·
589 3307 697 3390 οὕτως
728 3307 784 3377 διά
815 3313 878 3377 τοῦ
906 3304 1158 3393 ζἈρίσταρχος
1190 3307 1245 3373 καὶ

123 3409 375 3497 Ἀριστοφάνης.
398 3409 493 3480 ἀλλοι
515 3415 552 3480 δὲ
573 3404 799 3497 πελέμιξεν
820 3411 877 3494 διά
897 3417 958 3477 τοῦ
981 3415 1007 3489 ξ.
1033 3413 1074 3476 Α.

208 3520 279 3581 446.
303 3511 412 3593 οὕτως
431 3511 641 3600 Ἀρίσταρχος
662 3513 866 3599 (Ζηνόδοτος
884 3515 940 3596 V.)
964 3509 1013 3594 δη
1036 3534 1073 3575 τι
1100 3513 1243 3575 έῑσκο-

126 3641 222 3698 μεν,
245 3616 344 3700 χωρὶς
368 3621 431 3681 τοῦ
454 3633 482 3681 σ.
507 3620 549 3683 A.

209 3723 282 3781 447.
294 3711 383 3781 οὕτω
396 3714 452 3780 διδ
465 3723 526 3782 τοῦ
535 3742 553 3781 ο
562 3715 785 3798 Ἀρίσταρχος,
809 3711 999 3798 Ζηνόδοτος
1010 3707 1067 3775 διά
1080 3712 1142 3774 τοῦ
1154 3732 1184 3775 α.
1199 3707 1240 3772 A.

203 3821 289 3896 [449.
320 3818 425 3901 ίδης·
457 3812 547 3881 οὕτω
576 3813 774 3899 Ζηνόδοτος.
807 3811 1019 3895 Ἀρίσταρχος
1041 3807 1077 3875 δὲ
1100 3814 1168 3893 ίδη
1185 3805 1241 3872 διὰ

124 3923 186 3984 τοῦ
208 3945 219 3983 ι
242 3918 297 3995 V.]
315 3911 530 3999 Ἀρίσταρχος
552 3917 653 4001 χωρίς
674 3919 736 3977 τοῦ
758 3930 779 3977 σ
801 3915 878 3997 ίδη.
904 3914 945 3977 A.

207 4025 280 4085 459.
304 4019 390 4084 Vide
412 4039 472 4082 nos
490 4041 522 4105 p.
547 4021 598 4082 23.
621 4015 753 4079 Velson.
774 4015 815 4080 de
829 4012 1006 4100 Tryphone
1027 4037 1059 4101 p.
1080 4015 1132 4077 66.

207 4126 279 4186 456.
300 4115 511 4203 Ἀρίσταρχος
534 4114 555 4204 ἦ
577 4138 692 4199 τινα,
717 4109 811 4181 ἄλλοι
832 4111 868 4179 δὲ
892 4119 934 4179 εί
951 4137 1056 4179 τινα.
1081 4113 1122 4178 A.
1212 4123 1213 4127 ’

208 4229 280 4289 465.
309 4218 418 4300 οὕτως
447 4221 568 4306 σχεδὸν
594 4216 720 4286 ἅπασαι
752 4213 1036 4302 ἐπαμύνομεν.
1070 4218 1112 4282 A.
1138 4212 1239 4296 [τινὲς

125 4324 345 4409 ἐπαμῦναι.
365 4327 419 4402 V.]
