2962 5024
605 466 647 479 -
689 431 711 512 β
753 465 819 507 -,
1201 428 1259 491 187

235 601 287 668 ef.
304 598 472 667 Sehaefer.
491 598 535 663 ad
546 596 733 683 Greg.Oor.
745 619 778 682 p.
794 597 852 658 192
871 594 1016 683 Hesych.
1040 591 1259 679 ἐβόλοντο·

152 705 353 792 ἐβούλοντο,
375 696 634 787 ἐβουλεύσαντο.

236 825 309 886 254.
343 814 474 885 δεόει·
521 817 558 882 ἐν
602 820 643 902 τη
674 810 758 880 κατά
791 808 1036 897 Ἀριστοφάνην
1079 812 1261 897 ἐγέγραπτο

154 919 228 990 δεό
236 947 274 1009 η,
301 916 348 986 ἶν’
372 911 497 1005 ἦπρός
519 915 580 984 τόν
606 916 799 999 Τηλέμαχον
820 909 838 980 ὁ
862 912 979 998 λόγος·
1005 909 1090 980 άλλά
1111 912 1155 999 μὴ
1179 920 1263 980 πολ-

153 1019 235 1101 λοός
256 1025 310 1088 δελ
327 1023 462 1110 (Buttm.
485 1043 567 1085 corr.
582 1014 707 1084 πολλόν
720 1017 797 1103 δεῖ),
821 1017 876 1081 καὶ
898 1011 935 1081 τό
959 1013 1086 1082 πολλόν
1110 1012 1263 1103 συνάπτη

152 1129 231 1214 (leg.
257 1126 320 1210 -ει)
340 1127 386 1212 τῷ
411 1119 503 1207 δεόη.
551 1118 679 1205 μήποτε
702 1119 738 1184 δὲ
757 1113 897 1203 ἄμεινον
919 1108 941 1206 γ’γ’
962 1113 1017 1183 διά
1041 1122 1104 1182 τοῦ
1127 1142 1156 1182 ει
1178 1114 1263 1203 γρά-

151 1249 239 1310 φειν.
290 1223 345 1291 καὶ
371 1226 463 1289 ἐστιν
490 1215 564 1289 οἷον
589 1226 647 1306 τῆς
675 1216 812 1304 ἀρχαίας
837 1222 1067 1305 γραμματικῆς
1095 1217 1264 1284 ἐστικαὶ

152 1330 251 1393 τοῦτο
274 1330 342 1392 τόν
362 1320 669 1410 ὑπολελειμμένων.
697 1323 738 1405 Ω.

236 1447 308 1509 261.
331 1439 441 1528 ὄφρα
462 1446 503 1509 οί
519 1450 601 1526 είη·
625 1439 831 1526 Ζηνόδοτος·
854 1436 961 1524 όφρα
978 1442 1108 1523 δαείη.
1133 1437 1264 1523 ἐλέγχε-

150 1567 204 1609 ται
226 1542 263 1609 δέ
285 1543 321 1609 ἐκ
343 1549 404 1610 τοῦ
428 1543 612 1628 ἐπομένου,
635 1539 719 1608 άλλά
739 1538 847 1625 πατὴρ
869 1544 904 1606 οί
917 1544 1036 1607 δῶκεν.
1058 1542 1154 1606 Harl.

237 1665 310 1727 337.
331 1655 463 1740 σίδας·
485 1658 524 1727 τὸ
549 1663 585 1748 (l.
598 1663 658 1749 τῷ)
682 1656 775 1737 σίδας
797 1654 861 1725 οὐκ
884 1655 1265 1742 ἐχρήσατο-Ζηνόδο-

152 1784 208 1838 τος
241 1759 364 1844 γράφει
395 1764 544 1846 είδεις,
577 1763 632 1827 καὶ
662 1757 875 1847 Ἀρίσταρχος
902 1758 945 1826 οὐ
980 1762 1193 1845 δυσχεραίνει
1223 1763 1265 1846 τῇ

151 1865 276 1947 γραφῇ.
298 1863 392 1928 Harl.

237 1965 310 2028 356.
342 1959 553 2047 Ἀρίσταρχος
591 1962 629 2028 δὲ
666 1957 784 2028 άθετεί
816 1959 956 2048 ἄμεινον
991 1962 1100 2046 λέγων
1139 1956 1265 2038 αάτοός

152 2065 240 2146 ἔχειν
261 2065 298 2129 ἐν
316 2060 429 2131 Ἰλιάδι
456 2064 512 2130 καὶ
535 2066 574 2130 ἐν
595 2069 635 2151 τῇ
657 2067 766 2150 τοξείᾳ
785 2069 854 2130 τῶν
870 2063 1081 2149 μνηστήρων.
1104 2065 1146 2146 Ω.
1168 2063 1262 2128 Harl.

151 2166 188 2231 ἐν
212 2164 248 2230 δέ
267 2176 339 2243 ταῖς
360 2165 586 2250 χαριεστέραις
607 2177 753 2250 γραφαῖς
775 2160 839 2231 οὐκ
861 2157 957 2250 ἦσαν.

235 2271 307 2333 424.
322 2271 421 2333 ἐνιοι·
445 2264 486 2350 δὴ
499 2265 573 2332 τότε
589 2265 794 2351 κοιμήσαντο
810 2265 865 2333 καὶ
881 2262 994 2332 ὕπνου
1010 2270 1122 2350 δῶρον
1134 2266 1263 2332 ἕλοντο.

151 2373 419 2451 μεταποιηθῆναι
442 2371 481 2434 δέ
497 2387 602 2452 φασιν
620 2362 687 2432 ὑπό
707 2363 971 2451 Ἀριστοφάνους
993 2366 1053 2434 τόν
1076 2374 1200 2451 στίχον.
1220 2369 1260 2433 Ε.

152 2466 192 2548 Ω.
217 2469 310 2533 Harl.
335 2469 372 2534 ἐν
395 2466 431 2534 δέ
453 2474 493 2555 τῇ
512 2464 691 2555 Ἀργολικῇ
711 2470 955 2552 προστέθειται.
979 2470 1019 2534 Ε.
1043 2469 1084 2550 Q.

238 2793 268 2852 7.
293 2787 385 2869 Quae
407 2790 441 2852 in
464 2788 504 2870 Q.
531 2789 684 2874 leguntur
703 2797 841 2876 possunt
857 2788 1011 2876 Didymi,
1034 2796 1171 2876 possunt
1190 2789 1263 2853 Ari-

151 2890 267 2952 stonici
286 2912 369 2954 esse.
1030 2900 1035 2910 ’

235 2995 287 3055 41.
320 2986 485 3075 ἤγειρα·
517 2987 706 3074 Ζηνόδοτος
736 2986 894 3075 ἤγειρε.
940 2990 1104 3074 ἐλέγχεται
1138 2988 1174 3056 δέ
1207 2987 1263 3056 διά

151 3095 213 3155 τοῦ
230 3088 409 3183 μάλιστα
432 3087 462 3157 δ’
488 3092 566 3177 ἐμέ.
606 3093 707 3176 ἐχρῆν
728 3090 791 3175 γάρ
815 3095 920 3158 είπελν
943 3088 1060 3158 αὐτόν.

234 3211 286 3273 42.
319 3215 449 3293 γελοῖος
482 3213 596 3298 ί-οίως
627 3212 736 3298 Pors.)
769 3208 893 3295 γράφει
921 3209 1111 3294 Ζηνόδοτος
1136 3208 1263 3296 ηΐονα

153 3313 213 3397 (sc.
226 3304 301 3375 άντλ
311 3316 374 3376 τοῦ
394 3307 568 3399 άγγελίην)
582 3308 649 3378 άπό
660 3317 721 3378 τοῦ
733 3308 831 3397 άίειυ,
854 3308 874 3378 ό
892 3313 983 3378 ἐστιν
995 3307 1146 3379 άκοόειν.
1167 3313 1262 3378 Harl.

236 3417 288 3478 45.
321 3408 341 3478 ό
371 3437 442 3497 μοι
462 3411 599 3499 ’,κακόν
629 3417 824 3499 ἔμπεσεν·
854 3408 1111 3497 Ἀριστοφάνης·
1146 3409 1167 3476 ό
1194 3436 1264 3496 μοι

152 3508 255 3576 κακά
278 3515 438 3596 ἐμπεσε.
487 3511 524 3579 τό
550 3513 588 3580 δὲ
611 3511 631 3579 ό
652 3541 727 3603 μοι,
757 3513 832 3581 άντὶ
858 3519 920 3581 τοό
943 3510 994 3580 ότι
1017 3537 1084 3597 μοι.
1106 3514 1199 3578 Harl.
1222 3514 1263 3595 Q.

153 3612 195 3675 cf.
218 3612 340 3676 Buttm.
360 3636 393 3699 p.
413 3618 454 3679 52
474 3616 584 3679 adnot.

238 3714 289 3773 46.
306 3712 415 3777 δοιά·
440 3709 459 3779 ό
481 3711 543 3797 μὲν
555 3710 797 3799 Ἀριστοφάνης
809 3719 920 3792 κακῶς
931 3717 1170 3797 πληθυντικῶς
1187 3711 1265 3797 γρά·

153 3833 221 3893 φει.
266 3804 284 3873 ὁ
307 3806 344 3875 δέ
363 3804 575 3896 Ἀρίσταρχος
596 3810 633 3878 τὸ
660 3810 737 3879 δοιά
760 3808 834 3879 άντὶ
857 3819 920 3879 τοῦ
939 3816 1039 3897 διχῶς
1062 3808 1191 3879 άκοόει.
1222 3815 1263 3881 Ε.

153 3913 289 4000 (Harl).

235 4019 286 4079 50.
311 4014 534 4097 ἐπέχραον·
554 4007 797 4096 Ἀριστοφάνης
821 4014 1018 4098 ἐπέχρωυ.
1039 4015 1133 4080 Harl.

236 4138 286 4197 70.
310 4133 460 4216 σχέσθε
479 4136 614 4217 φίλοι·
637 4124 659 4214 ἢ
679 4125 698 4195 ό
721 4127 820 4216 λόγος
844 4129 930 4216 πρός
948 4129 1027 4210 τούς
1041 4130 1262 4217 Ἰθακησίους,

152 4226 227 4299 οἷον
249 4230 449 4318 άντίσχεσδέ
465 4257 542 4318 μου.
574 4227 628 4299 διό
651 4231 706 4297 καὶ
727 4229 970 4324 Ἀριστοφάνης
990 4231 1131 4318 γράφει,
1157 4231 1202 4316 μη
1225 4227 1261 4316 μ’

153 4339 227 4400 ολον
248 4336 376 4420 ἐάσατε,
399 4330 420 4402 ό
442 4335 582 4401 ἐστικαὶ
602 4329 698 4418 ὑμεῖς
712 4329 1035 4421 άποσυμπαδήσατε.
1053 4330 1263 4420 Ἀρίσταρχος
