2962 5024
1190 411 1261 494 v231

150 557 212 626 τόν
234 558 353 643 λόγον·
377 562 414 626 αλ
432 558 469 626 δὲ
487 565 556 626 τών
572 568 725 647 Μουσών
747 567 933 650 θυγατέρες
946 571 983 632 αί
996 564 1089 656 siout,
1111 574 1263 642 τουτέστι

152 656 192 726 τά
218 659 403 745 ποιήματα,
436 658 620 748 ἁπτόμεναι
648 658 755 750 αότην
785 664 847 749 τὴν
875 664 1095 755 εόφροσῦνην
1122 675 1263 754 ἔθελξαν

152 757 215 844 τὴν
235 765 298 826 τοῦ
317 757 517 849 ἀνθρώπου,
534 760 617 831 ὅταν
637 764 885 852 ἐγκωμιάζηται.
910 772 978 835 ἔστι
1000 773 1037 838 δὲ
1057 767 1197 858 άιιυρον.
1221 773 1263 842 οῦ

153 859 217 946 γὰρ
239 863 394 947 θέλγεται
418 859 627 952 εὐφροσύνη,
650 863 736 954 αῦτη
749 870 923 952 θέλγουσα
938 868 1018 949 τοῦς
1035 875 1262 963 νενικηκότας,

153 958 215 1047 οῦχ
235 957 293 1028 ὑπ’
317 959 423 1031 ἄλλου
441 967 641 1054 θελγομένη.
667 964 808 1056 άμεινον
827 971 875 1056 δέ,
899 972 1004 1055 φησίν
1020 969 1038 1039 ὁ
1057 977 1262 1065 Δίδυμος,

153 1065 206 1130 έπὶ
222 1069 291 1129 τών
307 1063 424 1133 πόνων
439 1063 579 1135 ἀκούειν
601 1066 664 1156 την
686 1075 763 1137 νίν.
789 1073 838 1159 (οί
856 1068 919 1156 γάρ
939 1069 1020 1158 μεθ’
1032 1070 1183 1164 Ὅμηρον
1198 1076 1261 1144 οὐκ

152 1163 371 1253 άκριβεῦουσι
394 1170 456 1254 την
479 1165 710 1257 άντωνυμίαν.
733 1167 778 1251 ώς
798 1171 853 1239 καὶ
871 1168 1074 1261 Εὐριπίδης·

275 1270 393 1357 τοιγάρ
415 1296 472 1336 νιν
493 1267 597 1351 αῦτάς
619 1274 656 1339 ἐκ
678 1272 793 1359 δόμων
815 1272 966 1362 οίστρησ’
991 1274 1082 1365 ἐγώ.)

150 1410 234 1480 ὥστε
255 1410 315 1481 τόν
334 1411 439 1498 λόγον
460 1411 545 1481 εἶναι
564 1422 703 1483 τοῦτον·
724 1421 760 1483 αί
777 1401 860 1507 sicini
879 1422 1021 1498 ἔθελξαν
1038 1415 1163 1499 αῦτοῦς
1181 1418 1261 1498 τοῦς

149 1514 276 1595 πόνους
298 1508 483 1601 ἁπτόμεναι
506 1513 635 1583 αὐτῶν·
670 1510 745 1584 οἷον
764 1521 928 1603 θέλγουσι
950 1519 1013 1607 τὴν
1027 1522 1260 1589 κακοπάθειαν

147 1615 317 1705 ὑμνοῦσαι
342 1620 380 1683 αλ
399 1612 492 1706 ςόῦαί.

233 1763 394 1827 Valcken.
424 1759 530 1824 Diatr.
558 1784 591 1846 p.
618 1762 723 1826 153B
751 1766 784 1825 in
806 1764 921 1851 Eurip.
946 1763 1109 1829 Bacchab.
1134 1765 1174 1827 32
1200 1787 1260 1850 pro
1375 1827 1377 1830 ,

147 1867 204 1929 νίν
230 1864 362 1949 scripsit
390 1860 466 1925 νῦν.
521 1860 740 1928 Nihilominus
769 1876 856 1929 recto
887 1865 1009 1929 habent
1040 1887 1123 1952 quae
1154 1865 1259 1952 Didy-

147 1989 219 2031 mus
240 1965 281 2029 de
301 1964 466 2050 plurativo
485 1965 686 2048 pronominis
707 1968 762 2029 νίν
785 1966 819 2029 vi
842 1965 1040 2031 observavit.
1073 1964 1123 2029 Of.
1148 1966 1257 2052 Apoll.
1303 1968 1304 1971 ’

147 2066 188 2130 do
213 2086 306 2151 pron.
336 2064 382 2151 (p.
410 2064 525 2147 102A)
558 2088 590 2151 p.
615 2069 671 2130 108
685 2066 788 2131 A-0
821 2067 922 2132 schol.
953 2068 1053 2153 Soph.
1084 2065 1123 2131 Ο.
1149 2066 1187 2132 Ο.
1216 2070 1256 2130 43

147 2165 200 2232 διὸ
222 2160 258 2230 τὸ
283 2189 313 2248 χ.
356 2164 504 2229 Erfurdt.
531 2166 575 2229 ad
596 2166 695 2253 Soph.
719 2168 759 2231 Ο.
783 2168 822 2231 Τ.
847 2171 907 2232 878
937 2168 1052 2232 Matth.
1076 2167 1135 2231 Gr.
1159 2167 1217 2232 Gr.
1241 2170 1256 2232 I

146 2294 177 2356 p.
208 2272 269 2332 274
297 2265 348 2331 ed.
373 2268 392 2328 2
423 2266 583 2352 Kruegor.
613 2267 671 2332 Gr.
695 2268 780 2355 Sprl.
805 2269 840 2332 II
860 2293 893 2355 p.
918 2272 969 2333 66.
990 2307 1034 2319 ·-
1059 2267 1098 2332 L.
1122 2268 1255 2334 Disson.
1325 2292 1328 2299 ·

146 2369 233 2455 expl.
245 2366 340 2431 Pind.
352 2390 383 2453 p.
400 2370 461 2431 380
474 2375 575 2431 ‘nuno
588 2370 719 2443 omisit?
741 2370 856 2455 inquit,
879 2363 913 2433 ‘oi
922 2394 942 2433 ν
951 2372 971 2434 ὃ
980 2372 1035 2452 ρί,
1048 2369 1136 2454 quod
1149 2391 1209 2454 por
1221 2392 1255 2433 se

144 2473 232 2535 inest
242 2470 276 2532 in
288 2470 459 2532 sententio.
488 2467 593 2531 Vides
605 2489 669 2552 quo
681 2469 821 2533 referam
834 2491 972 2554 sequens
995 2471 1092 2532 νίν.’
1120 2470 1171 2533 Ao
1191 2492 1256 2533 mo-

144 2573 224 2634 mini
257 2591 334 2634 sano
360 2570 395 2631 in
422 2568 524 2633 soolio
554 2589 625 2630 osse
653 2564 820 2649 ὑγιαίνειν
843 2563 905 2651 μέν
931 2562 1108 2650 άριστον
1132 2564 1257 2653 άνῦρλ

145 2675 277 2758 θνατῷ,
314 2678 347 2733 at
369 2669 559 2754 negaverim
580 2667 775 2731 vocabulum
795 2668 911 2732 referri
934 2691 1030 2755 posse
1055 2669 1097 2733 ad
1118 2669 1256 2734 alterum

143 2775 240 2861 plane
270 2773 423 2836 omissum
452 2793 512 2834 neo
536 2770 722 2833 necessario
750 2768 1020 2834 subaudiendum.
1066 2770 1174 2855 Magis
1196 2773 1256 2856 igi·

145 2885 199 2940 tur
221 2873 360 2961 Didymi
387 2874 471 2937 ratio
496 2871 576 2935 mihi
603 2869 712 2957 placet
750 2871 923 2959 supplendi
950 2865 1011 2936 τόν
1032 2871 1160 2960 πόνον,
1193 2872 1256 2961 τὴν

144 2973 387 3060 κακοπάθειαν,
409 2970 488 3051 τοῦς
509 2967 646 3048 πόνους.

665 3161 724 3250 5³¹·
809 3229 812 3234 ,

227 3298 307 3363 ibid.
329 3320 361 3361 v.
390 3301 426 3360 14
457 3295 499 3361 τό
522 3318 651 3379 μοι-
671 3290 919 3378 προκώμιον
947 3300 1026 3379 είη·
1053 3336 1088 3344 -
1112 3294 1253 3361 δύναται

143 3403 197 3468 καὶ
219 3393 325 3482 οὕτω,
353 3399 458 3483 φησὶν
480 3393 498 3463 ὁ
522 3400 721 3481 Δίδυμος·
749 3393 874 3474 παντός
899 3400 962 3462 τοῦ
984 3397 1191 3478 ποιουμένου
1207 3399 1254 3472 είς

144 3499 249 3568 αὐτόν
271 3496 383 3583 ὕμνου
406 3504 506 3563 τοῦτο
527 3494 563 3563 τὸ
585 3499 674 3583 ῥῆμα
689 3496 884 3584 προκώμιον
901 3503 963 3581 εἴη,
985 3489 1059 3562 οἷον
1074 3493 1253 3576 προοίμιόν

144 3626 175 3666 τι
198 3604 354 3664 τοιοῦτον
385 3601 516 3682 γένοιτο
543 3602 610 3662 τών
637 3603 683 3676 είς
707 3595 813 3663 αὐτόν
838 3597 1107 3681 γραφησομένων
1134 3588 1253 3676 ὕμνων

144 3696 204 3764 ὑπ’
221 3698 322 3781 ἐμοῦ,
352 3704 486 3781 νικῆσαι
507 3698 562 3763 καλ
585 3692 709 3775 ἄλλους
732 3693 879 3780 άγώνας·
909 3699 967 3761 ἵνα
987 3698 1056 3761 τών
1078 3691 1151 3776 ἑξῆς
1172 3690 1253 3757 ἑπο-

144 3803 256 3883 μένων
282 3797 456 3861 ἐπινικίων
484 3793 501 3860 ὁ
529 3799 595 3860 νῦν
618 3793 833 3880 γραφόμενος
866 3798 999 3878 λέγηται
1031 3788 1097 3875 πρὸ
1129 3788 1253 3870 παντὸς

144 3897 260 3985 κώμου
281 3896 438 3982 γεγονώς.
469 3886 610 3962 θύῦαται
634 3895 671 3962 δὲ
692 3896 747 3960 καὶ
768 3891 873 3960 οὕτω·
897 3897 966 3959 τών
986 3892 1253 3979 γραφησομένων

142 3998 234 4089 αὐτῷ
263 3995 384 4084 ὕμνων
405 3993 466 4066 ὑπ’
493 3993 606 4063 άλλων
632 3992 650 4062 ὁ
680 3993 758 4081 έμός
786 3990 830 4062 ἂν
853 4001 904 4079 είη
927 3992 1131 4080 προκώμιον.
1173 3988 1252 4057 ὅδὲ

143 4107 243 4181 νοῦς·
266 4096 373 4185 όνπερ
396 4097 437 4186 δὴ
459 4101 563 4183 λόγον
584 4097 639 4164 καὶ
661 4100 802 4164 ἔπαινον
820 4096 952 4182 γένοιτο
967 4099 1034 4161 νῦν
1051 4094 1124 4179 ἐμοὶ
1139 4100 1252 4159 θεῖναι

143 4202 199 4268 καλ
221 4206 394 4289 πληρώσαι
417 4199 612 4285 προκώμιον
634 4203 681 4289 τῷ
702 4222 737 4264 τε
752 4200 815 4265 Διῒ
830 4197 886 4264 καὶ
900 4191 985 4286 αῦτη
1005 4198 1046 4284 τῇ
1060 4192 1176 4282 Νεμέᾳ
1196 4192 1252 4260 καί

143 4308 183 4393 τῇ
209 4301 421 4390 Τιμησάργου
442 4300 539 4391 πάλη.
