2962 5018
1213 415 1274 476 315

165 581 216 647 cf.
244 580 310 645 lex.
333 578 442 643 Bekk.
470 581 541 662 277,
563 584 597 642 5·
613 579 708 644 Phot.
732 581 803 660 234,
829 584 866 642 17
890 578 981 644 Suid.
1026 580 1133 645 Locus
1156 580 1275 647 Demo·

164 682 288 747 athenis
312 689 420 746 exstat
438 681 471 743 in
493 702 539 745 or.
563 691 676 746 contra
690 679 831 744 Timoth.
852 686 883 763 §-
899 684 936 744 31
955 703 987 767 p.
1005 684 1145 766 1193,11
1165 681 1273 748 Bekk.

163 784 217 847 De
244 807 279 848 re
301 782 361 848 cfr.
385 781 492 868 Sillig.
515 783 611 848 catal.
635 783 722 848 artif.
750 804 782 868 p.
805 784 970 847 249-251
998 782 1133 849 Preller.
1158 785 1192 848 in
1213 784 1274 850 Ρο

164 886 238 951 lem.
263 910 294 974 p.
318 887 370 948 36.
394 887 445 955 37.

248 1029 278 1087 Ιι.
321 1022 424 1107 Harp.
451 1022 521 1103 152,
546 1023 585 1086 26
615 1026 890 1106 περίστοιχοι.
924 1020 1149 1103 Δημοσθένης
1170 1018 1207 1083 ἐν
1229 1024 1276 1106 τῷ

164 1120 249 1204 τιρδς
267 1122 501 1205 Νικόστρατον
522 1123 598 1204 περὶ
619 1126 687 1187 τῶν
700 1119 919 1205 Ἀρεθουσίου
939 1116 1277 1205 ἀνδραπόδων-’φυ-

164 1222 323 1309 τευτήρια
351 1224 460 1289 ἐλαῶν
488 1227 707 1308 περιστοίχων
738 1224 974 1289 κατέκλασαν’.
1020 1225 1214 1304 Δίδυμος
1239 1221 1279 1286 δέ

164 1351 196 1392 τι
217 1327 315 1410 γένος
328 1326 451 1392 ἐλαιῶν
473 1329 703 1408 περιστοίχους
718 1331 822 1409 καλεί,
838 1319 878 1402 δίς
897 1321 1083 1407 Φιλόχορος
1101 1314 1277 1406 στοιγάδας

165 1429 429 1512 προσηγόρευσε.
445 1428 460 1514 ΙΙ
475 1424 602 1513 μήποτε
624 1432 694 1491 κτλ.
977 1421 981 1430 ’

250 1530 397 1595 Pertinet
426 1532 468 1596 ad
492 1553 539 1595 or.
571 1533 602 1610 ξ.
628 1532 679 1592 15.
701 1567 744 1579 —-
765 1528 859 1593 Phot.
883 1529 960 1610 423,
985 1530 1024 1589 16
1046 1523 1137 1590 Suid.
1158 1564 1200 1574 —
1223 1524 1274 1590 Of.

165 1630 351 1697 Philochor.
375 1631 416 1695 fr.
440 1634 480 1694 62
503 1630 652 1695 Mueller.

250 1774 269 1829 ι’.
291 1765 394 1851 Harp.
408 1770 459 1848 74,
472 1769 512 1828 27
526 1765 616 1830 Suid.
640 1764 803 1844 ἐξένιζε.
828 1763 1052 1848 Δημοσθένης
1073 1761 1110 1827 έν
1130 1766 1169 1848 τῇ
1192 1758 1276 1844 κρός

165 1861 383 1951 Εὐβουλίδην
405 1864 532 1949 ἐφέσει·
556 1865 814 1952 ’διαβεβλήκασι
835 1863 898 1950 γάρ
913 1887 980 1948 μου
992 1860 1053 1929 τδν
1070 1863 1206 1947 πατέρα,
1230 1860 1275 1941 ῶς

165 1967 312 2046 έξένιζε’.
357 1963 485 2052 μήκοτε
507 1962 581 2033 ἀντὶ
601 1973 664 2034 τοῦ
687 1970 781 2046 ξένος
803 1958 860 2052 ἦν,
890 1967 943 2032 καὶ
966 1961 1045 2048 οὐχ,
1074 1961 1120 2043 ῶς
1143 1969 1275 2032 Δίδυ-

165 2068 239 2152 μός
260 2087 375 2152 φησιν,
396 2063 470 2134 ἀντὶ
492 2073 553 2135 τοῦ
579 2064 643 2134 οὐκ
660 2063 813 2146 Ἀττικῶς
833 2067 1009 2150 διελέγετο,
1032 2061 1115 2132 ἀλλὰ
1137 2070 1275 2145 ξενικῶς

167 2170 287 2256 (ξένοις
309 2167 453 2254 ῥήμασιν
477 2171 643 2254 διελέγετο
672 2172 780 2236 Oram.
810 2170 948 2235 aneedd.
979 2169 1042 2235 Ox.
1065 2169 1099 2233 11
1133 2194 1165 2257 p.
1185 2170 1273 2254 290).

249 2272 345 2335 Dem.
371 2271 491 2336 Eubul.
515 2276 545 2353 ὅ.
569 2274 616 2336 18.

250 2373 411 2457 Harpocr.
434 2376 491 2455 47,
516 2376 555 2435 21)
585 2372 778 2457 γαμήλια·
813 2371 1038 2456 Δημοσθένης
1065 2371 1103 2435 έν
1123 2374 1169 2456 τῶ
1191 2368 1277 2450 ττρδς

167 2467 384 2557 Εὐβουλίδην
402 2471 514 2553 ἐφέσει
530 2472 583 2535 καί
597 2467 720 2550 Ἰσαῖος.
750 2473 817 2538 καὶ
839 2474 1027 2554 Δίδυμος
1049 2465 1067 2535 ὁ
1086 2495 1276 2554 γραμμα-

167 2568 287 2650 τικὸς
314 2572 352 2637 έν
379 2569 441 2655 μὲν
464 2583 532 2649 τοῖς
553 2568 674 2639 Ἰσαίου
695 2568 915 2656 ὑπομνήμασί
934 2588 1038 2655 φησιν
1061 2568 1146 2636 εἶναι
1168 2596 1275 2656 γαμη-

167 2679 243 2741 λίαν
264 2670 327 2758 τὴν
348 2683 419 2749 τοῖς
441 2669 629 2755 φράτορσιν
652 2675 704 2739 έτιί
727 2673 846 2758 γάμοις
865 2675 1067 2756 δεδομένην,
1090 2674 1276 2754 παρατιθέ-

166 2798 266 2859 μενος
290 2774 380 2853 λέξιν
405 2770 626 2860 Φανοδήμου,
655 2775 691 2841 ἐν
721 2766 742 2863 ᾖ
772 2770 875 2840 οὐδέν
903 2777 1060 2839 τοιοῦτον
1083 2775 1274 2858 γέγραπται.

166 2877 210 2941 έν
233 2874 274 2940 δὲ
297 2886 385 2952 τοῖς
406 2878 466 2951 είς
487 2877 769 2961 Δημοσθένην
793 2869 811 2941 δ
835 2871 961 2953 αὐτὸς
989 2874 1089 2941 πάλιν
1108 2880 1275 2960 γαμηλίαν

167 2977 271 3060 φησίν
300 2971 385 3041 εἶναι
411 2976 473 3061 την
498 2981 544 3055 είς
564 2973 643 3055 τούς
660 2975 831 3061 φράτορας
852 2971 1039 3062 εἰσαγωγὴν
1061 2981 1130 3043 τῶν
1154 3003 1275 3062 γυναι-

124 3105 134 3126 ·
167 3081 247 3162 κῶν,
271 3072 432 3162 οὐδεμίαν
455 3073 628 3157 ἀπόδειξιν
649 3083 707 3162 τῆς
727 3076 911 3163 ἐξηγήσεως
928 3081 1204 3164 παρατιθέμενος.

251 3180 308 3246 Or.
321 3185 352 3262 §-
365 3184 416 3246 43.
438 3181 521 3246 Lex.
538 3182 763 3265 ΒεΙ(1(.228,4
787 3185 911 3266 229,12
935 3184 1005 3265 233,
1022 3186 1058 3246 31
1081 3183 1172 3248 Suid.
1194 3184 1273 3249 Hes.

249 3324 279 3383 ίι.
310 3318 469 3405 Harpoer.
496 3321 563 3399 163,
587 3321 627 3381 20
650 3319 837 3382 κωλῶσι·
867 3319 1090 3402 Δημοσθένης
1110 3315 1143 3384 δ’
1167 3319 1204 3384 ἐν
1230 3324 1276 3407 τῷ

164 3413 248 3484 κατὰ
269 3423 416 3503 Νεαίρας
441 3411 482 3503 (ἢ
504 3418 541 3484 έν
560 3422 600 3507 τῇ
622 3413 729 3506 ἀγορᾷ
749 3422 888 3485 πωλῶσί
902 3444 934 3484 τι
955 3414 1273 3503 ἄποπεφασμένως’.

165 3518 355 3606 Δίδυμος
387 3536 492 3604 φησιν
524 3516 598 3586 ἀντὶ
631 3524 693 3585 τοῦ
722 3520 914 3604 πορνεύωσι
944 3523 1114 3603 φανερῶς·
1149 3525 1273 3586 πωλεῖν

164 3615 228 3703 γὰρ
250 3617 286 3685 τδ
312 3624 468 3705 παρέχει-ν
491 3617 614 3705 ἑαυτὴν
629 3632 697 3698 τοῖς
712 3621 940 3706 βουλομένοις,
964 3616 1049 3686 ὅθεν
1064 3619 1118 3686 καὶ
1135 3619 1171 3688 τό
1189 3644 1274 3706 τορ-

165 3717 295 3803 νεύειν,
319 3715 403 3803 ὅπερ
424 3720 493 3786 ἐστὶ
512 3718 688 3803 περνάναι.
703 3723 718 3806 ΙΙ
733 3718 798 3805 ίγῶ
821 3723 860 3787 δέ
878 3745 964 3805 φημι
986 3726 1055 3785 κτλ.
1102 3720 1154 3786 Of.
1176 3722 1272 3794 Dem.

164 3845 192 3887 ο.
215 3821 334 3886 Neaer.
357 3827 388 3903 ξ.
412 3827 462 3887 67.
484 3861 527 3871 -
548 3823 673 3887 Eadem
693 3832 823 3888 exstant
844 3845 896 3909 ap.
919 3823 1012 3889 Phot.
1030 3825 1102 3908 478,
1119 3826 1157 3886 21
1181 3824 1272 3889 Suid.

164 3946 190 3988 s.
209 3946 242 3988 v.
266 3926 427 3990 πωλοῦσι.

658 4099 719 4179 25.

248 4227 408 4314 Harpocr.
422 4231 473 4311 53,
486 4231 528 4290 25
547 4231 735 4314 Δίδυμος
753 4224 771 4295 δ
792 4228 1077 4315 γραμματικὸς
1097 4230 1173 4315 περὶ
1192 4227 1274 4296 τού-

163 4352 224 4394 του
255 4333 387 4418 βιβλίον
416 4327 548 4416 γράψας
579 4335 699 4417 φησίν,
727 4326 779 4397 ὅτι
808 4329 845 4397 τό
868 4334 1124 4401 δεκατεῦσαι
1145 4337 1273 4412 Λυσίας
