2962 5024
1216 418 1277 480 243

165 618 208 629 -
223 582 415 664 Δίδυμος
434 582 597 665 μέμφεται
616 576 749 656 τούτοις
771 574 816 656 ὣς
838 577 927 661 παρὰ
946 577 987 645 τὰ
1001 579 1164 666 πρόσωπα
1187 585 1273 669 (eod.

166 678 308 761 τούτους
330 677 376 760 ὡς
396 679 436 746 τὰ
458 684 761 767 παρακαθεστολτα,
782 682 909 746 emend.
935 682 1043 769 Οολι.)
1080 682 1276 770 σεμνότεροι

164 779 230 866 γὰρ
250 785 285 849 oc
301 781 414 868 λόγοι,
441 776 467 868 ἦ
494 781 579 850 κατὰ
596 780 769 869 βάρβαρον
788 793 934 867 γυναῖκα
952 781 1008 848 καλ
1028 785 1274 870 δυστυχοῦσαν.

251 887 299 973 (2)
324 887 368 951 ib.
392 890 452 953 363
478 884 715 952 seh01.R.4v
742 902 818 950 σου
845 886 1031 951 δέδοικα·
1060 883 1106 970 μὴ
1136 883 1193 954 διὰ
1214 883 1276 972 τὴν

159 981 338 1072 Ἑρμιόνην
354 1011 398 1072 με
417 983 593 1074 ἀπολέσῃς,
615 983 729 1072 ὥσπερ
752 983 808 1053 διὰ
828 983 891 1071 τὴν
904 982 1041 1072 Ἰίλέυην
1061 984 1124 1074 τὴν
1141 994 1274 1072 Τροίαν.

164 1091 353 1174 Δίδυμος
381 1078 545 1175 μέμφεται
575 1094 656 1156 πᾶσι
686 1088 820 1167 τούτοις
842 1085 888 1168 τός
907 1089 998 1173 παρὰ
1019 1091 1139 1172 καιρὸν
1159 1091 1275 1160 καὶτὰ

164 1189 337 1276 πρόσωπα

249 1294 367 1380 (3)ἰλι.
391 1296 453 1359 867
473 1293 574 1358 schol
598 1293 663 1358 vol.
685 1291 769 1379 Vp.
790 1296 851 1358 585
871 1296 922 1360 ed
944 1295 1060 1360 Matth.
1082 1291 1273 1381 όνομαδ

159 1389 368 1479 ’·ορέστης
386 1393 564 1478 ἐκβληθείς
583 1398 645 1459 τού
657 1389 845 1478 ”Αργουςό
869 1391 1059 1516 Ὀρέστης’
1040 1393 1140 1485 απῄει
1169 1402 1215 1477 είς
1237 1397 1274 1466 τό

163 1494 257 1579 ιἐρδν
278 1501 341 1563 τοῦ
364 1493 449 1575 Διός
470 1522 506 1564 το
497 1492 568 1561 ίυ
589 1499 629 1581 τῇ
651 1494 806 1584 Δωδοίυη
828 1496 1099 1582 μαντευσόμενος
1122 1502 1185 1588 (οἱα
1210 1503 1274 1568 Gu.

165 1599 264 1664 Teur.
288 1600 377 1666 Flor.
401 1603 488 1664 6.15
510 1621 570 1684 pro
594 1597 870 1684 μαντευόμενος),
892 1604 994 1665 ποίαν
1015 1601 1143 1686 οἰκήσει
1164 1600 1275 1669 πόλιν.

164 1696 299 1768 ιἰπιώυ·
311 1691 376 1766 οὖν
406 1703 534 1784 ἔρχεται
560 1703 606 1779 είς
633 1695 695 1820 την
719 1706 843 1768 Φθίαν.
893 1703 1082 1786 Δίδυμος
1107 1703 1144 1769 δὲ
1172 1701 1277 1771 ταῦτύ

165 1823 271 1888 φησιν
305 1798 391 1869 εἶναι
424 1806 534 1886 ψευδῆ
567 1802 622 1867 καὶ
655 1797 778 1868 ἄπιστα
816 1804 895 1889 (Οτι
929 1806 1007 1870 Δίδ.
1041 1805 1081 1869 δέ
1109 1829 1146 1927 φ.
1176 1818 1210 1883 υ.
1247 1831 1275 1873 τ.

165 1905 221 1970 καλ
243 1900 328 1990 ύπ).

235 2007 365 2095 (4)ἰλι.
396 2010 537 2091 1054)).
562 2009 598 2068 41
630 2005 681 2070 ed.
706 2005 864 2070 Witzseh.
890 2003 1018 2072 ούδέν
1041 2002 1131 2092 εἰμ’,
1159 2001 1276 2074 ἄπω-

164 2105 311 2193 λόμηυ·
330 2108 465 2191 ἐγκαλεῖ
485 2108 675 2190 Δίδυμος
703 2106 758 2171 καὶ
780 2102 862 2172 εύεπ
863 2107 1004 2192 ίληπτόυ
1022 2127 1106 2194 φησι
1128 2105 1189 2176 τόν
1211 2103 1276 2175 αύ-

164 2208 225 2278 τόυ
252 2212 290 2276 ἐν
316 2208 420 2277 πόθει
447 2205 530 2276 ὄντα
549 2209 675 2292 λέγειν·
701 2204 805 2274 ούδέν
826 2212 908 2294 εἰμι,
936 2210 1071 2295 φρούδη
1092 2210 1154 2296 μὲν
1175 2207 1273 2296 αύδή.

165 2309 254 2397 παρὰ
275 2336 321 2401 τφ
338 2307 471 2399 Ὁμήρῳ
494 2317 538 2398 (Ρ
548 2315 610 2375 695
626 2313 647 2376 δ
663 2314 737 2397 704)
766 2307 849 2396 *δὴν
872 2314 911 2377 δέ
931 2338 989 2398 μιν
1018 2308 1168 2398 ἀμφασίη
1198 2313 1275 2380 ἐπί-

164 2439 213 2480 ων
233 2415 344 2499 λύβε.’

141 2523 143 2528 ’
252 2519 301 2605 (5)
288 2516 392 2604 )[ἰλι.’
416 2519 496 2580 1238
520 2509 693 2597 Ἀχίλλειοι
714 2511 851 2596 δρόμοι·
875 2494 1001 2594 περὶ
973 2537 1023 2578 ων
1042 2512 1080 2578 ἐν
1099 2508 1275 2600 Ἰφιγενείᾳ

164 2624 204 2707 τῇ
226 2618 264 2684 ἐν
284 2614 429 2702 Ταύροις
450 2622 623 2700 είρηται.
668 2616 790 2701 Recepi
813 2624 946 2702 prepter
966 2637 1062 2679 usum
1083 2638 1156 2680 voe.
1181 2622 1275 2700 είρη-
1337 2648 1339 2653 ·

163 2746 216 2787 ται
239 2719 467 2807 notissimum]

250 2824 299 2910 (6)
325 2822 448 2888 Alcest.
480 2824 542 2885 255
565 2821 631 2886 vol.
654 2817 685 2883 V
705 2842 737 2909 p.
761 2821 818 2881 521
850 2817 973 2882 Μολλλι.’
1000 2815 1095 2901 γαῖά
1120 2841 1162 2884 τε
1190 2823 1274 2884 καί·

165 2928 237 3009 είκῆ
249 2941 332 3010 φησι
351 2919 515 2990 δεδόσθαι
538 2917 577 2987 τὰ
599 2920 675 3003 περὶ
697 2924 756 3004 τῆς
777 2919 875 3008 ἐντῷ
891 2914 1057 3003 Ἀχέροντι
1078 2926 1275 3006 πορθμείας,

165 3021 211 3103 ὡς
232 3037 397 3111 μαρτυρεῖ
413 3023 468 3090 καί
483 3027 613 3107 Δοῦρις
636 3023 673 3088 ἐν
696 3026 736 3108 τῇ
759 3047 792 3100 ις
810 3024 880 3086 τῶν
896 3023 1144 3088 Μακεδονικῶν
1169 3024 1274 3110 (vulg.

164 3130 497 3213 Δακεδαιμουικοίυ),
527 3121 579 3192 ὅτι
602 3125 640 3191 ἐν
656 3121 777 3212 Ἰωλκῷ
800 3121 1011 3208 ἐυυμφεύθη.
1055 3119 1190 3191 Ἰωλκοῦ
1208 3122 1275 3209 γὰρ

164 3232 287 3307 Πελίας
308 3228 533 3314 ἐβασίλευσεν

248 3331 406 3396 Matthiae
434 3332 514 3397 haee
543 3331 677 3396 adnotat
715 3331 801 3396 Sed
836 3332 914 3418 quid
943 3331 1055 3396 verbis
1090 3332 1162 3413 εἰκῆ
1193 3279 1276 3412 φησι

49 3416 53 3423 ’
165 3433 327 3501 δεδόσθαι
349 3444 410 3500 ete.
430 3435 549 3499 faeiem
576 3455 642 3498 non
664 3434 780 3499 habeo.
825 3433 916 3499 Fert.
940 3455 994 3496 vv.
1019 3434 1148 3512 είκῆφ.
1170 3431 1200 3494 δ.
1224 3425 1277 3517 [τὰ

164 3530 296 3618 ἓδυα,”
276 3558 332 3600 οτι
355 3533 558 3618 ἐυυμφεύθη
581 3531 638 3600 ἐν’
634 3529 807 3622 Ιωλκῷ,’
785 3559 830 3612 ως
852 3557 946 3618 μαρτ.
971 3533 1046 3619 ete]
1070 3531 1113 3596 ad
1137 3553 1193 3596 vv.
1214 3533 1276 3593 255

167 3659 255 3722 sqq.‚
282 3636 408 3721 relique
431 3636 548 3721 (ταῦτα
567 3635 661 3724 φησὶ]
691 3635 766 3718 περὶ
786 3639 845 3717 τῆς
867 3636 904 3699 δυ
928 3636 991 3698 τοῦ
1008 3628 1073 3716 Ἀχ.
1098 3653 1132 3696 π.
1156 3631 1199 3696 ed
1219 3653 1275 3697 vv.

167 3739 228 3801 260
251 3759 322 3822 sqq.
347 3735 521 3800 referende
542 3745 647 3801 sunt!
692 3738 756 3801 Pro
780 3731 943 3799 δεδόσθαι
965 3732 1140 3815 legendum
1162 3733 1276 3797 διαδε-

166 3835 301 3918 δόσθαι,
323 3836 366 3900 es.
389 3836 468 3900 Hes.
492 3830 693 3919 όρείχαλκος.

252 3938 377 4025 (6)Ττ.
410 3941 486 4001 1071
518 3937 599 4002 Hes.
628 3935 792 4017 αίθέρα·
820 3929 1032 4018 ἐμπυρισμὸν
1049 3927 1114 3997 ἀπὸ
1139 3936 1202 3997 τού
1223 3938 1277 3997 αί-

165 4046 302 4107 θεσθαι.
348 4032 536 4122 Εὐριπίδης
551 4036 707 4126 Τρῳάσιν
729 4059 875 4124 suprap.
890 4038 930 4100 89
948 4035 1056 4117 attuli,
1078 4057 1150 4099 eum
1173 4034 1214 4099 de
1233 4034 1277 4098 le-

164 4142 240 4205 xico
261 4140 387 4225 tragico
417 4138 570 4203 dicerem.

252 4240 413 4327 (7)Μοδ.
439 4242 544 4304 1496.
567 4240 638 4325 Vp
655 4237 845 4304 349Matth.
868 4223 1112 4313 όίῑεςύΖεύ·
1136 4227 1277 4308 τόόίες

166 4336 186 4404 6
218 4343 402 4424 Δίδυμος
442 4335 488 4418 ὥς
531 4337 616 4425 πρὸς
648 4336 707 4418 τὰς
747 4341 810 4404 τού
843 4339 949 4421 χοροῦ
980 4352 1064 4419 φησι
1101 4336 1276 4420 λέγεσθαι·

1004 4433 1070 4498 16*
