<?xml version="1.0" encoding="UTF-8"?>
<!DOCTYPE html PUBLIC "-//W3C//DTD XHTML 1.0 Transitional//EN"
    "http://www.w3.org/TR/xhtml1/DTD/xhtml1-transitional.dtd">
<html xmlns="http://www.w3.org/1999/xhtml" xml:lang="en" lang="en">
 <head>
  <title>
</title>
<meta http-equiv="Content-Type" content="text/html;charset=utf-8" />
  <meta name='ocr-system' content='tesseract 3.04.00' />
  <meta name='ocr-capabilities' content='ocr_page ocr_carea ocr_par ocr_line ocrx_word'/>
</head>
<body>
  <div class='ocr_page' id='page_1' title='image "./didymichalcente00schmgoog_0351.png"; bbox 0 0 2962 5018; ppageno 0'>
   <div class='ocr_carea' id='block_1_1' title="bbox 247 410 309 473">
    <p class='ocr_par' dir='ltr' id='par_1_1' title="bbox 247 410 309 473">
     <span class='ocr_line' id='line_1_1' title="bbox 247 410 309 473; baseline 0 -1"><span class='ocrx_word' id='word_1_1' title='bbox 247 410 309 473; x_wconf 81' lang='lat'><strong>332</strong></span> 
     </span>
    </p>
   </div>
   <div class='ocr_carea' id='block_1_2' title="bbox 240 567 1388 2308">
    <p class='ocr_par' dir='ltr' id='par_1_2' title="bbox 243 567 1369 1285">
     <span class='ocr_line' id='line_1_2' title="bbox 245 567 1369 663; baseline -0.002 -21"><span class='ocrx_word' id='word_1_2' title='bbox 245 578 293 642; x_wconf 90' lang='lat' dir='ltr'><strong>sic</strong></span> <span class='ocrx_word' id='word_1_3' title='bbox 319 577 441 663; x_wconf 91' lang='lat' dir='ltr'><strong>scripta</strong></span> <span class='ocrx_word' id='word_1_4' title='bbox 467 574 601 661; x_wconf 89' lang='lat' dir='ltr'><strong>reliquit</strong></span> <span class='ocrx_word' id='word_1_5' title='bbox 628 573 858 641; x_wconf 80' lang='lat' dir='ltr'>Marcellinus:</span> <span class='ocrx_word' id='word_1_6' title='bbox 887 612 930 624; x_wconf 92' lang='lat'><em>-</em></span> <span class='ocrx_word' id='word_1_7' title='bbox 958 567 1194 658; x_wconf 79' lang='grc' dir='ltr'><strong><em>άτίγγονος</em></strong></span> <span class='ocrx_word' id='word_1_8' title='bbox 1221 572 1259 639; x_wconf 69' lang='grc' dir='ltr'><strong>δὲ</strong></span> <span class='ocrx_word' id='word_1_9' title='bbox 1295 579 1369 640; x_wconf 70' lang='grc' dir='ltr'><strong>τῶν</strong></span> 
     </span>
     <span class='ocr_line' id='line_1_3' title="bbox 245 671 1366 761; baseline -0.001 -17"><span class='ocrx_word' id='word_1_10' title='bbox 245 673 527 761; x_wconf 77' lang='grc' dir='ltr'><strong><em>εὐδοκιμωτάτων</em></strong></span> <span class='ocrx_word' id='word_1_11' title='bbox 553 678 768 760; x_wconf 76' lang='grc' dir='ltr'><strong><em>στρατηγῶν,</em></strong></span> <span class='ocrx_word' id='word_1_12' title='bbox 801 674 886 758; x_wconf 80' lang='grc' dir='ltr'><strong><em>λέγω</em></strong></span> <span class='ocrx_word' id='word_1_13' title='bbox 909 671 951 761; x_wconf 78' lang='grc' dir='ltr'><strong>δὴ</strong></span> <span class='ocrx_word' id='word_1_14' title='bbox 977 679 1046 741; x_wconf 78' lang='grc' dir='ltr'><strong><em>ταῖν</em></strong></span> <span class='ocrx_word' id='word_1_15' title='bbox 1067 672 1143 760; x_wconf 80' lang='grc' dir='ltr'><strong><em>περὶ</em></strong></span> <span class='ocrx_word' id='word_1_16' title='bbox 1166 673 1366 761; x_wconf 76' lang='grc' dir='ltr'><strong><em>Μιλτιάδην</em></strong></span> 
     </span>
     <span class='ocr_line' id='line_1_4' title="bbox 243 772 1364 868; baseline -0.001 -22"><span class='ocrx_word' id='word_1_17' title='bbox 243 781 299 847; x_wconf 83' lang='grc' dir='ltr'><strong>καὶ</strong></span> <span class='ocrx_word' id='word_1_18' title='bbox 322 782 477 863; x_wconf 79' lang='grc' dir='ltr'><strong><em>Κίμωνα·</em></strong></span> <span class='ocrx_word' id='word_1_19' title='bbox 515 772 714 866; x_wconf 80' lang='grc' dir='ltr'><strong><em>(ἀνέφερε</em></strong></span> <span class='ocrx_word' id='word_1_20' title='bbox 747 777 788 843; x_wconf 78' lang='grc' dir='ltr'><strong>δὲ</strong></span> <span class='ocrx_word' id='word_1_21' title='bbox 825 779 882 856; x_wconf 83' lang='grc' dir='ltr'><strong>είς</strong></span> <span class='ocrx_word' id='word_1_22' title='bbox 921 773 1081 843; x_wconf 81' lang='grc' dir='ltr'><strong><em>Αίακδν</em></strong></span> <span class='ocrx_word' id='word_1_23' title='bbox 1117 775 1161 844; x_wconf 88' lang='grc' dir='ltr'>τό</span> <span class='ocrx_word' id='word_1_24' title='bbox 1206 780 1364 868; x_wconf 75' lang='grc' dir='ltr'><strong><em>γένος)·</em></strong></span> 
     </span>
     <span class='ocr_line' id='line_1_5' title="bbox 244 876 1366 972; baseline -0.001 -23"><span class='ocrx_word' id='word_1_25' title='bbox 244 878 389 972; x_wconf 91' lang='grc' dir='ltr'><strong><em>ᾠκείωτο</em></strong></span> <span class='ocrx_word' id='word_1_26' title='bbox 409 876 483 964; x_wconf 80' lang='grc' dir='ltr'><strong>γὰρ</strong></span> <span class='ocrx_word' id='word_1_27' title='bbox 507 879 544 944; x_wconf 85' lang='grc' dir='ltr'><strong>ἐκ</strong></span> <span class='ocrx_word' id='word_1_28' title='bbox 567 884 714 945; x_wconf 75' lang='grc' dir='ltr'><strong><em>παλαιοῦ</em></strong></span> <span class='ocrx_word' id='word_1_29' title='bbox 737 877 900 968; x_wconf 80' lang='grc' dir='ltr'><strong>(λόγον)</strong></span> <span class='ocrx_word' id='word_1_30' title='bbox 921 884 968 969; x_wconf 75' lang='lat' dir='ltr'><strong>spi</strong></span> <span class='ocrx_word' id='word_1_31' title='bbox 989 881 1079 964; x_wconf 84' lang='grc' dir='ltr'><strong><em>γένει</em></strong></span> <span class='ocrx_word' id='word_1_32' title='bbox 1104 878 1188 962; x_wconf 68' lang='lat' dir='ltr'><strong>rods</strong></span> <span class='ocrx_word' id='word_1_33' title='bbox 1211 878 1366 948; x_wconf 82' lang='grc' dir='ltr'><strong><em>Μιλτιά-</em></strong></span> 
     </span>
     <span class='ocr_line' id='line_1_6' title="bbox 244 977 1363 1069; baseline -0.004 -17"><span class='ocrx_word' id='word_1_34' title='bbox 244 988 309 1068; x_wconf 92' lang='grc' dir='ltr'><strong>δην</strong></span> <span class='ocrx_word' id='word_1_35' title='bbox 330 979 391 1048; x_wconf 87' lang='grc' dir='ltr'><strong>τδν</strong></span> <span class='ocrx_word' id='word_1_36' title='bbox 412 978 612 1065; x_wconf 79' lang='grc' dir='ltr'><strong><em>στρατηγόν,</em></strong></span> <span class='ocrx_word' id='word_1_37' title='bbox 634 984 682 1069; x_wconf 76' lang='grc' dir='ltr'><strong>τῷ</strong></span> <span class='ocrx_word' id='word_1_38' title='bbox 701 977 737 1047; x_wconf 74' lang='grc' dir='ltr'><strong>δὲ</strong></span> <span class='ocrx_word' id='word_1_39' title='bbox 751 978 923 1068; x_wconf 77' lang='grc' dir='ltr'><strong><em>Μιλτιάδη</em></strong></span> <span class='ocrx_word' id='word_1_40' title='bbox 942 977 1027 1062; x_wconf 78' lang='grc' dir='ltr'><strong><em>πρὸς</em></strong></span> <span class='ocrx_word' id='word_1_41' title='bbox 1049 978 1179 1048; x_wconf 85' lang='grc' dir='ltr'><strong><em>Αίακδν</em></strong></span> <span class='ocrx_word' id='word_1_42' title='bbox 1190 979 1251 1048; x_wconf 83' lang='grc' dir='ltr'><strong>τὸν</strong></span> <span class='ocrx_word' id='word_1_43' title='bbox 1262 982 1363 1061; x_wconf 84' lang='grc' dir='ltr'><strong><em>Διός.</em></strong></span> 
     </span>
     <span class='ocr_line' id='line_1_7' title="bbox 244 1077 1365 1169; baseline -0.001 -17"><span class='ocrx_word' id='word_1_44' title='bbox 244 1081 353 1165; x_wconf 79' lang='grc' dir='ltr'><strong><em>οὕτως</em></strong></span> <span class='ocrx_word' id='word_1_45' title='bbox 374 1079 472 1169; x_wconf 81' lang='grc' dir='ltr'><strong><em>αὐχεῖ</em></strong></span> <span class='ocrx_word' id='word_1_46' title='bbox 489 1082 526 1148; x_wconf 86' lang='grc' dir='ltr'><strong>τὸ</strong></span> <span class='ocrx_word' id='word_1_47' title='bbox 547 1084 645 1167; x_wconf 78' lang='grc' dir='ltr'><strong><em>γένος</em></strong></span> <span class='ocrx_word' id='word_1_48' title='bbox 670 1077 688 1148; x_wconf 89' lang='grc' dir='ltr'>ὁ</span> <span class='ocrx_word' id='word_1_49' title='bbox 717 1078 936 1166; x_wconf 76' lang='grc' dir='ltr'><strong><em>ονγγραφεδς</em></strong></span> <span class='ocrx_word' id='word_1_50' title='bbox 957 1079 1105 1152; x_wconf 79' lang='grc' dir='ltr'><strong><em>ἄνωθεν.</em></strong></span> <span class='ocrx_word' id='word_1_51' title='bbox 1150 1085 1205 1150; x_wconf 79' lang='grc' dir='ltr'><strong>καί</strong></span> <span class='ocrx_word' id='word_1_52' title='bbox 1226 1083 1365 1166; x_wconf 81' lang='grc' dir='ltr'><strong><em>τούτοις</em></strong></span> 
     </span>
     <span class='ocr_line' id='line_1_8' title="bbox 244 1189 1225 1285; baseline -0.004 -32"><span class='ocrx_word' id='word_1_53' title='bbox 244 1189 431 1271; x_wconf 78' lang='grc' dir='ltr'><strong><em>Δίδυμος</em></strong></span> <span class='ocrx_word' id='word_1_54' title='bbox 452 1195 624 1270; x_wconf 80' lang='grc' dir='ltr'><strong><em>μαρτυρεῖ.</em></strong></span> <span class='ocrx_word' id='word_1_55' title='bbox 1221 1279 1225 1285; x_wconf 86' lang='lat'>.</span> 
     </span>
    </p>

    <p class='ocr_par' dir='ltr' id='par_1_3' title="bbox 240 1304 1388 2308">
     <span class='ocr_line' id='line_1_9' title="bbox 329 1304 1364 1392; baseline 0.003 -22"><span class='ocrx_word' id='word_1_56' title='bbox 329 1305 481 1370; x_wconf 89' lang='lat' dir='ltr'><strong>Recurrit</strong></span> <span class='ocrx_word' id='word_1_57' title='bbox 503 1305 635 1392; x_wconf 91' lang='lat' dir='ltr'><strong>quidem</strong></span> <span class='ocrx_word' id='word_1_58' title='bbox 653 1305 687 1370; x_wconf 92' lang='lat' dir='ltr'><strong>in</strong></span> <span class='ocrx_word' id='word_1_59' title='bbox 710 1304 772 1369; x_wconf 85' lang='lat' dir='ltr'><strong>hac</strong></span> <span class='ocrx_word' id='word_1_60' title='bbox 794 1326 924 1392; x_wconf 88' lang='lat' dir='ltr'><strong>quoque</strong></span> <span class='ocrx_word' id='word_1_61' title='bbox 946 1305 1009 1370; x_wconf 92' lang='lat' dir='ltr'><strong>loci</strong></span> <span class='ocrx_word' id='word_1_62' title='bbox 1031 1307 1236 1372; x_wconf 80' lang='lat' dir='ltr'><strong>restitutione</strong></span> <span class='ocrx_word' id='word_1_63' title='bbox 1259 1309 1364 1373; x_wconf 88' lang='lat' dir='ltr'><strong>inusi-</strong></span> 
     </span>
     <span class='ocr_line' id='line_1_10' title="bbox 242 1404 1362 1498; baseline 0.002 -24"><span class='ocrx_word' id='word_1_64' title='bbox 242 1418 310 1474; x_wconf 87' lang='lat' dir='ltr'><strong>tata</strong></span> <span class='ocrx_word' id='word_1_65' title='bbox 330 1406 397 1489; x_wconf 85' lang='lat' dir='ltr'><strong>illa,</strong></span> <span class='ocrx_word' id='word_1_66' title='bbox 421 1428 518 1493; x_wconf 93' lang='lat' dir='ltr'><strong>quam</strong></span> <span class='ocrx_word' id='word_1_67' title='bbox 536 1405 633 1470; x_wconf 91' lang='lat' dir='ltr'><strong>modo</strong></span> <span class='ocrx_word' id='word_1_68' title='bbox 659 1405 753 1472; x_wconf 81' lang='lat' dir='ltr'><strong>furca</strong></span> <span class='ocrx_word' id='word_1_69' title='bbox 775 1407 971 1494; x_wconf 84' lang='lat' dir='ltr'><strong>expulimus,</strong></span> <span class='ocrx_word' id='word_1_70' title='bbox 990 1411 1188 1477; x_wconf 81' lang='lat' dir='ltr'><strong>constructio</strong></span> <span class='ocrx_word' id='word_1_71' title='bbox 1211 1404 1362 1498; x_wconf 76' lang='grc' dir='ltr'><strong><em>ᾠκείωτο</em></strong></span> 
     </span>
     <span class='ocr_line' id='line_1_11' title="bbox 244 1506 1362 1600; baseline 0.003 -24"><span class='ocrx_word' id='word_1_72' title='bbox 244 1506 328 1594; x_wconf 81' lang='grc' dir='ltr'><strong><em>τορός</em></strong></span> <span class='ocrx_word' id='word_1_73' title='bbox 356 1531 446 1591; x_wconf 79' lang='grc' dir='ltr'><strong><em>τινα,</em></strong></span> <span class='ocrx_word' id='word_1_74' title='bbox 474 1508 532 1573; x_wconf 93' lang='lat' dir='ltr'><strong>sed</strong></span> <span class='ocrx_word' id='word_1_75' title='bbox 561 1506 701 1572; x_wconf 82' lang='lat' dir='ltr'><strong>fortasse</strong></span> <span class='ocrx_word' id='word_1_76' title='bbox 726 1528 765 1571; x_wconf 90' lang='lat' dir='ltr'><strong>ea</strong></span> <span class='ocrx_word' id='word_1_77' title='bbox 794 1507 987 1574; x_wconf 85' lang='lat' dir='ltr'><strong>Marcellino</strong></span> <span class='ocrx_word' id='word_1_78' title='bbox 1015 1511 1165 1597; x_wconf 82' lang='lat' dir='ltr'><strong>scriptori</strong></span> <span class='ocrx_word' id='word_1_79' title='bbox 1196 1515 1362 1600; x_wconf 88' lang='lat' dir='ltr'><strong>sequioris</strong></span> 
     </span>
     <span class='ocr_line' id='line_1_12' title="bbox 242 1608 1388 1701; baseline 0.001 -22"><span class='ocrx_word' id='word_1_80' title='bbox 242 1613 359 1679; x_wconf 88' lang='lat' dir='ltr'><strong>aetatis</strong></span> <span class='ocrx_word' id='word_1_81' title='bbox 386 1609 602 1676; x_wconf 86' lang='lat' dir='ltr'><strong>condonanda</strong></span> <span class='ocrx_word' id='word_1_82' title='bbox 627 1608 704 1691; x_wconf 81' lang='lat' dir='ltr'><strong>erit3</strong></span> <span class='ocrx_word' id='word_1_83' title='bbox 732 1630 791 1673; x_wconf 90' lang='lat' dir='ltr'><strong>nos</strong></span> <span class='ocrx_word' id='word_1_84' title='bbox 813 1609 874 1674; x_wconf 91' lang='lat' dir='ltr'><strong>hoc</strong></span> <span class='ocrx_word' id='word_1_85' title='bbox 897 1612 932 1674; x_wconf 93' lang='lat' dir='ltr'><strong>in</strong></span> <span class='ocrx_word' id='word_1_86' title='bbox 959 1611 1050 1677; x_wconf 88' lang='lat' dir='ltr'><strong>lucro</strong></span> <span class='ocrx_word' id='word_1_87' title='bbox 1072 1614 1240 1699; x_wconf 86' lang='lat' dir='ltr'><strong>ponimus,</strong></span> <span class='ocrx_word' id='word_1_88' title='bbox 1270 1614 1388 1701; x_wconf 79' lang='lat' dir='ltr'><strong>quod&#39;</strong></span> 
     </span>
     <span class='ocr_line' id='line_1_13' title="bbox 241 1703 1365 1803; baseline 0.001 -23"><span class='ocrx_word' id='word_1_89' title='bbox 241 1712 402 1803; x_wconf 86' lang='lat' dir='ltr'><strong>particula</strong></span> <span class='ocrx_word' id='word_1_90' title='bbox 420 1709 484 1796; x_wconf 78' lang='grc' dir='ltr'><strong>γάρ</strong></span> <span class='ocrx_word' id='word_1_91' title='bbox 506 1719 581 1799; x_wconf 91' lang='lat' dir='ltr'><strong>post</strong></span> <span class='ocrx_word' id='word_1_92' title='bbox 602 1703 747 1799; x_wconf 89' lang='grc' dir='ltr'><strong><em>ᾠκείωτο</em></strong></span> <span class='ocrx_word' id='word_1_93' title='bbox 771 1710 879 1795; x_wconf 85' lang='lat' dir='ltr'><strong>obvia,</strong></span> <span class='ocrx_word' id='word_1_94' title='bbox 902 1734 923 1776; x_wconf 89' lang='lat' dir='ltr'><strong>a</strong></span> <span class='ocrx_word' id='word_1_95' title='bbox 944 1711 1079 1799; x_wconf 87' lang='lat' dir='ltr'><strong>vulgata</strong></span> <span class='ocrx_word' id='word_1_96' title='bbox 1101 1713 1241 1779; x_wconf 89' lang='lat' dir='ltr'><strong>lectione</strong></span> <span class='ocrx_word' id='word_1_97' title='bbox 1263 1715 1299 1779; x_wconf 92' lang='lat' dir='ltr'><strong>in</strong></span> <span class='ocrx_word' id='word_1_98' title='bbox 1321 1717 1365 1781; x_wconf 84' lang='grc' dir='ltr'><strong>δέ</strong></span> 
     </span>
     <span class='ocr_line' id='line_1_14' title="bbox 241 1811 1363 1904; baseline 0 -22"><span class='ocrx_word' id='word_1_99' title='bbox 241 1816 430 1898; x_wconf 89' lang='lat' dir='ltr'><strong>emendata,</strong></span> <span class='ocrx_word' id='word_1_100' title='bbox 459 1836 525 1879; x_wconf 93' lang='lat' dir='ltr'><strong>non</strong></span> <span class='ocrx_word' id='word_1_101' title='bbox 550 1811 689 1899; x_wconf 92' lang='lat' dir='ltr'><strong>amplius</strong></span> <span class='ocrx_word' id='word_1_102' title='bbox 718 1813 912 1878; x_wconf 86' lang='lat' dir='ltr'><strong>sententiam</strong></span> <span class='ocrx_word' id='word_1_103' title='bbox 939 1816 1143 1903; x_wconf 85' lang='lat' dir='ltr'><strong>pessumdat,</strong></span> <span class='ocrx_word' id='word_1_104' title='bbox 1171 1825 1239 1880; x_wconf 90' lang='lat' dir='ltr'><strong>tum</strong></span> <span class='ocrx_word' id='word_1_105' title='bbox 1268 1817 1363 1904; x_wconf 88' lang='lat' dir='ltr'><strong>quod</strong></span> 
     </span>
     <span class='ocr_line' id='line_1_15' title="bbox 241 1914 1361 2006; baseline 0.002 -24"><span class='ocrx_word' id='word_1_106' title='bbox 241 1917 278 1982; x_wconf 81' lang='grc' dir='ltr'><strong>ἐκ</strong></span> <span class='ocrx_word' id='word_1_107' title='bbox 300 1919 446 1982; x_wconf 77' lang='grc' dir='ltr'><strong><em>παλαιοῦ</em></strong></span> <span class='ocrx_word' id='word_1_108' title='bbox 466 1914 572 1998; x_wconf 82' lang='grc' dir='ltr'><strong><em>λόγου</em></strong></span> <span class='ocrx_word' id='word_1_109' title='bbox 593 1916 750 2002; x_wconf 88' lang='lat' dir='ltr'><strong>optimum</strong></span> <span class='ocrx_word' id='word_1_110' title='bbox 768 1937 900 1979; x_wconf 89' lang='lat' dir='ltr'><strong>sensum</strong></span> <span class='ocrx_word' id='word_1_111' title='bbox 920 1916 1065 2003; x_wconf 89' lang='lat' dir='ltr'><strong>praebet,</strong></span> <span class='ocrx_word' id='word_1_112' title='bbox 1088 1927 1252 2006; x_wconf 88' lang='lat' dir='ltr'><strong>postremo</strong></span> <span class='ocrx_word' id='word_1_113' title='bbox 1268 1919 1361 2005; x_wconf 90' lang='lat' dir='ltr'><strong>quod</strong></span> 
     </span>
     <span class='ocr_line' id='line_1_16' title="bbox 240 2014 1362 2106; baseline 0.003 -24"><span class='ocrx_word' id='word_1_114' title='bbox 240 2018 406 2104; x_wconf 86' lang='lat' dir='ltr'><strong>Didymus</strong></span> <span class='ocrx_word' id='word_1_115' title='bbox 439 2027 550 2082; x_wconf 90' lang='lat' dir='ltr'><strong>noster</strong></span> <span class='ocrx_word' id='word_1_116' title='bbox 583 2014 670 2080; x_wconf 88' lang='lat' dir='ltr'><strong>haud</strong></span> <span class='ocrx_word' id='word_1_117' title='bbox 703 2014 799 2100; x_wconf 85' lang='lat' dir='ltr'><strong>plura</strong></span> <span class='ocrx_word' id='word_1_118' title='bbox 826 2018 1001 2083; x_wconf 85' lang='lat' dir='ltr'><strong>contestari</strong></span> <span class='ocrx_word' id='word_1_119' title='bbox 1024 2019 1172 2102; x_wconf 88' lang='lat' dir='ltr'><strong>videtur,</strong></span> <span class='ocrx_word' id='word_1_120' title='bbox 1196 2041 1295 2106; x_wconf 90' lang='lat' dir='ltr'><strong>quam</strong></span> <span class='ocrx_word' id='word_1_121' title='bbox 1323 2043 1362 2085; x_wconf 91' lang='lat' dir='ltr'><strong>re</strong></span> 
     </span>
     <span class='ocr_line' id='line_1_17' title="bbox 241 2116 1362 2208; baseline 0 -23"><span class='ocrx_word' id='word_1_122' title='bbox 241 2141 321 2185; x_wconf 87' lang='lat' dir='ltr'><strong>vera</strong></span> <span class='ocrx_word' id='word_1_123' title='bbox 343 2127 543 2183; x_wconf 83' lang='lat' dir='ltr'><strong>contestatus</strong></span> <span class='ocrx_word' id='word_1_124' title='bbox 566 2116 763 2200; x_wconf 83' lang='lat' dir='ltr'><strong>est,·Acaci‚</strong></span> <span class='ocrx_word' id='word_1_125' title='bbox 785 2118 928 2206; x_wconf 86' lang='lat' dir='ltr'><strong>inquam,</strong></span> <span class='ocrx_word' id='word_1_126' title='bbox 943 2121 1168 2208; x_wconf 76' lang='lat' dir='ltr'><strong>Miltiadisque</strong></span> <span class='ocrx_word' id='word_1_127' title='bbox 1189 2122 1362 2205; x_wconf 86' lang='lat' dir='ltr'><strong>cognatio·</strong></span> 
     </span>
     <span class='ocr_line' id='line_1_18' title="bbox 241 2217 1211 2308; baseline 0.001 -23"><span class='ocrx_word' id='word_1_128' title='bbox 241 2244 327 2286; x_wconf 88' lang='lat' dir='ltr'><strong>nem.</strong></span> <span class='ocrx_word' id='word_1_129' title='bbox 372 2220 426 2285; x_wconf 86' lang='lat' dir='ltr'><strong>En</strong></span> <span class='ocrx_word' id='word_1_130' title='bbox 447 2219 508 2285; x_wconf 89' lang='lat' dir='ltr'><strong>tibi</strong></span> <span class='ocrx_word' id='word_1_131' title='bbox 530 2219 724 2306; x_wconf 82' lang='lat' dir='ltr'><strong>promissam</strong></span> <span class='ocrx_word' id='word_1_132' title='bbox 747 2217 951 2307; x_wconf 85' lang='lat' dir='ltr'><strong>Thucydidis</strong></span> <span class='ocrx_word' id='word_1_133' title='bbox 973 2223 1211 2308; x_wconf 85' lang='lat' dir='ltr'><strong>genealogiam.</strong></span> 
     </span>
    </p>
   </div>
   <div class='ocr_carea' id='block_1_3' title="bbox 484 2341 629 2393">
    <p class='ocr_par' dir='ltr' id='par_1_4' title="bbox 484 2341 629 2393">
     <span class='ocr_line' id='line_1_19' title="bbox 484 2341 629 2393; baseline -0.007 0"><span class='ocrx_word' id='word_1_134' title='bbox 484 2341 629 2393; x_wconf 81' lang='lat' dir='ltr'>OLORUS</span> 
     </span>
    </p>
   </div>
   <div class='ocr_carea' id='block_1_4' title="bbox 410 2428 976 2495">
    <p class='ocr_par' dir='ltr' id='par_1_5' title="bbox 410 2428 976 2495">
     <span class='ocr_line' id='line_1_20' title="bbox 410 2428 976 2495; baseline 0.004 -14"><span class='ocrx_word' id='word_1_135' title='bbox 410 2429 547 2481; x_wconf 83' lang='lat' dir='ltr'><strong>Thraciae</strong></span> <span class='ocrx_word' id='word_1_136' title='bbox 568 2428 679 2495; x_wconf 81' lang='lat' dir='ltr'><strong>regulus</strong></span> <span class='ocrx_word' id='word_1_137' title='bbox 858 2430 976 2483; x_wconf 80' lang='lat' dir='ltr'>CIMON</span> 
     </span>
    </p>
   </div>
   <div class='ocr_carea' id='block_1_5' title="bbox 316 2496 1324 2623">
    <p class='ocr_par' dir='ltr' id='par_1_6' title="bbox 316 2496 1324 2623">
     <span class='ocr_line' id='line_1_21' title="bbox 316 2496 1324 2623; baseline 0.002 -2"><span class='ocrx_word' id='word_1_138' title='bbox 316 2565 321 2574; x_wconf 73' lang='grc'><strong><em>’</em></strong></span> <span class='ocrx_word' id='word_1_139' title='bbox 441 2496 673 2621; x_wconf 75' lang='lat' dir='ltr'><strong>HEGEiIPYLE</strong></span> <span class='ocrx_word' id='word_1_140' title='bbox 816 2498 1019 2621; x_wconf 79' lang='lat' dir='ltr'><strong>MILTihDES</strong></span> <span class='ocrx_word' id='word_1_141' title='bbox 1101 2586 1168 2620; x_wconf 87' lang='lat' dir='ltr'><strong>uxor</strong></span> <span class='ocrx_word' id='word_1_142' title='bbox 1185 2571 1324 2623; x_wconf 76' lang='lat' dir='ltr'><strong>Miltiadis</strong></span> 
     </span>
    </p>
   </div>
   <div class='ocr_carea' id='block_1_6' title="bbox 239 2651 1290 2895">
    <p class='ocr_par' dir='ltr' id='par_1_7' title="bbox 239 2651 1290 2895">
     <span class='ocr_line' id='line_1_22' title="bbox 361 2651 1290 2722; baseline 0.001 -17"><span class='ocrx_word' id='word_1_143' title='bbox 361 2660 448 2721; x_wconf 86' lang='lat' dir='ltr'><strong>nupta</strong></span> <span class='ocrx_word' id='word_1_144' title='bbox 465 2655 584 2706; x_wconf 80' lang='lat' dir='ltr'><strong>Miltiadi</strong></span> <span class='ocrx_word' id='word_1_145' title='bbox 603 2671 629 2708; x_wconf 84' lang='lat' dir='ltr'><strong>a.</strong></span> <span class='ocrx_word' id='word_1_146' title='bbox 647 2657 699 2706; x_wconf 84' lang='grc'><strong>515</strong></span> <span class='ocrx_word' id='word_1_147' title='bbox 718 2651 756 2719; x_wconf 79' lang='lat'><strong>(2)</strong></span> <span class='ocrx_word' id='word_1_148' title='bbox 1136 2656 1230 2706; x_wconf 76' lang='lat' dir='ltr'><strong>Attica</strong></span> <span class='ocrx_word' id='word_1_149' title='bbox 1251 2655 1290 2722; x_wconf 93' lang='grc'><strong>(1)</strong></span> 
     </span>
     <span class='ocr_line' id='line_1_23' title="bbox 342 2728 1278 2773; baseline 0.004 -4"><span class='ocrx_word' id='word_1_150' title='bbox 342 2728 1278 2773; x_wconf 43' lang='lat' dir='ltr'>h———w-—ffi-—v-—d</span> 
     </span>
     <span class='ocr_line' id='line_1_24' title="bbox 239 2827 1256 2895; baseline 0 -18"><span class='ocrx_word' id='word_1_151' title='bbox 239 2827 482 2878; x_wconf 83' lang='lat' dir='ltr'><strong>civisHalimusius</strong></span> <span class='ocrx_word' id='word_1_152' title='bbox 546 2828 677 2879; x_wconf 83' lang='lat' dir='ltr'><strong>tilianatu</strong></span> <span class='ocrx_word' id='word_1_153' title='bbox 690 2829 776 2879; x_wconf 82' lang='lat' dir='ltr'><strong>maior</strong></span> <span class='ocrx_word' id='word_1_154' title='bbox 799 2829 895 2880; x_wconf 88' lang='lat' dir='ltr'><strong>Cimon</strong></span> <span class='ocrx_word' id='word_1_155' title='bbox 941 2829 1067 2895; x_wconf 78' lang='lat' dir='ltr'><strong>Elpinice</strong></span> <span class='ocrx_word' id='word_1_156' title='bbox 1102 2828 1256 2879; x_wconf 85' lang='lat' dir='ltr'><strong>Metiochus</strong></span> 
     </span>
    </p>
   </div>
   <div class='ocr_carea' id='block_1_7' title="bbox 571 2912 930 2970">
    <p class='ocr_par' dir='ltr' id='par_1_8' title="bbox 571 2912 930 2970">
     <span class='ocr_line' id='line_1_25' title="bbox 571 2912 930 2970; baseline 0.017 -6"><span class='ocrx_word' id='word_1_157' title='bbox 571 2912 690 2964; x_wconf 82' lang='grc' dir='ltr'><strong><em>παιδίον</em></strong></span> <span class='ocrx_word' id='word_1_158' title='bbox 704 2917 755 2966; x_wconf 81' lang='grc'><strong>511</strong></span> <span class='ocrx_word' id='word_1_159' title='bbox 791 2917 930 2970; x_wconf 64' lang='lat' dir='ltr'><strong>uetustae</strong></span> 
     </span>
    </p>
   </div>
   <div class='ocr_carea' id='block_1_8' title="bbox 1107 3177 1238 3229">
    <p class='ocr_par' dir='ltr' id='par_1_9' title="bbox 1107 3177 1238 3229">
     <span class='ocr_line' id='line_1_26' title="bbox 1107 3177 1238 3229; baseline 0 0"><span class='ocrx_word' id='word_1_160' title='bbox 1107 3177 1238 3229; x_wconf 72' lang='lat' dir='ltr'><strong>Melosios</strong></span> 
     </span>
    </p>
   </div>
   <div class='ocr_carea' id='block_1_9' title="bbox 571 3248 1256 3376">
    <p class='ocr_par' dir='ltr' id='par_1_10' title="bbox 571 3248 1256 3376">
     <span class='ocr_line' id='line_1_27' title="bbox 571 3248 1256 3376; baseline 0.016 -18"><span class='ocrx_word' id='word_1_161' title='bbox 571 3308 794 3376; x_wconf 81' lang='lat' dir='ltr'><strong>Thucydides</strong></span> <span class='ocrx_word' id='word_1_162' title='bbox 1126 3248 1256 3369; x_wconf 71' lang='lat' dir='ltr'><strong>Moriens</strong></span> 
     </span>
    </p>
   </div>
   <div class='ocr_carea' id='block_1_10' title="bbox 497 3397 1355 3508">
    <p class='ocr_par' dir='ltr' id='par_1_11' title="bbox 497 3397 1355 3508">
     <span class='ocr_line' id='line_1_28' title="bbox 592 3397 1355 3474; baseline 0.02 -29"><span class='ocrx_word' id='word_1_163' title='bbox 592 3401 673 3446; x_wconf 84' lang='lat' dir='ltr'><strong>natus</strong></span> <span class='ocrx_word' id='word_1_164' title='bbox 691 3397 768 3464; x_wconf 70' lang='lat' dir='ltr'><strong>otest</strong></span> <span class='ocrx_word' id='word_1_165' title='bbox 1051 3401 1161 3466; x_wconf 77' lang='lat' dir='ltr'><strong>(Athen.</strong></span> <span class='ocrx_word' id='word_1_166' title='bbox 1180 3407 1219 3456; x_wconf 86' lang='lat' dir='ltr'><strong>XI</strong></span> <span class='ocrx_word' id='word_1_167' title='bbox 1241 3423 1268 3471; x_wconf 89' lang='lat' dir='ltr'><strong>p.</strong></span> <span class='ocrx_word' id='word_1_168' title='bbox 1289 3409 1355 3474; x_wconf 83' lang='grc'>506)</span> 
     </span>
     <span class='ocr_line' id='line_1_29' title="bbox 497 3465 857 3508; baseline 0.019 -10"><span class='ocrx_word' id='word_1_169' title='bbox 497 3465 857 3508; x_wconf 48' lang='lat' dir='ltr'><strong>——v—</strong></span> 
     </span>
    </p>
   </div>
   <div class='ocr_carea' id='block_1_11' title="bbox 513 3516 832 3568">
    <p class='ocr_par' dir='ltr' id='par_1_12' title="bbox 513 3516 832 3568">
     <span class='ocr_line' id='line_1_30' title="bbox 513 3516 832 3568; baseline 0.003 -2"><span class='ocrx_word' id='word_1_170' title='bbox 513 3516 674 3567; x_wconf 85' lang='lat' dir='ltr'><strong>Timotheus</strong></span> <span class='ocrx_word' id='word_1_171' title='bbox 775 3517 832 3568; x_wconf 85' lang='lat' dir='ltr'><strong>iilia</strong></span> 
     </span>
    </p>
   </div>
   <div class='ocr_carea' id='block_1_12' title="bbox 232 3611 1355 4417">
    <p class='ocr_par' dir='ltr' id='par_1_13' title="bbox 232 3611 1355 4417">
     <span class='ocr_line' id='line_1_31' title="bbox 322 3611 1355 3712; baseline 0.016 -37"><span class='ocrx_word' id='word_1_172' title='bbox 322 3611 418 3692; x_wconf 75' lang='lat' dir='ltr'><strong>Quod</strong></span> <span class='ocrx_word' id='word_1_173' title='bbox 447 3614 578 3700; x_wconf 88' lang='lat' dir='ltr'><strong>quidem</strong></span> <span class='ocrx_word' id='word_1_174' title='bbox 605 3625 744 3681; x_wconf 90' lang='lat' dir='ltr'><strong>stemma</strong></span> <span class='ocrx_word' id='word_1_175' title='bbox 770 3620 974 3684; x_wconf 82' lang='lat' dir='ltr'><strong>accuratiore</strong></span> <span class='ocrx_word' id='word_1_176' title='bbox 996 3621 1136 3706; x_wconf 80' lang='lat' dir='ltr'><strong>quedam</strong></span> <span class='ocrx_word' id='word_1_177' title='bbox 1159 3624 1355 3712; x_wconf 86' lang='lat' dir='ltr'><strong>interpreta-</strong></span> 
     </span>
     <span class='ocr_line' id='line_1_32' title="bbox 236 3713 1355 3812; baseline 0.013 -36"><span class='ocrx_word' id='word_1_178' title='bbox 236 3713 324 3777; x_wconf 91' lang='lat' dir='ltr'><strong>tione</strong></span> <span class='ocrx_word' id='word_1_179' title='bbox 346 3714 404 3777; x_wconf 82' lang='lat' dir='ltr'><strong>vix</strong></span> <span class='ocrx_word' id='word_1_180' title='bbox 423 3723 507 3798; x_wconf 86' lang='lat' dir='ltr'><strong>eget.</strong></span> <span class='ocrx_word' id='word_1_181' title='bbox 553 3716 757 3803; x_wconf 85' lang='lat' dir='ltr'><strong>Thucydidis</strong></span> <span class='ocrx_word' id='word_1_182' title='bbox 785 3720 962 3785; x_wconf 90' lang='lat' dir='ltr'><strong>Halimusii</strong></span> <span class='ocrx_word' id='word_1_183' title='bbox 996 3732 1090 3807; x_wconf 86' lang='lat' dir='ltr'><strong>pater</strong></span> <span class='ocrx_word' id='word_1_184' title='bbox 1112 3726 1236 3812; x_wconf 90' lang='lat' dir='ltr'><strong>etipse</strong></span> <span class='ocrx_word' id='word_1_185' title='bbox 1259 3726 1355 3791; x_wconf 88' lang='lat' dir='ltr'><strong>Hali·</strong></span> 
     </span>
     <span class='ocr_line' id='line_1_33' title="bbox 237 3814 1354 3910; baseline 0.016 -34"><span class='ocrx_word' id='word_1_186' title='bbox 237 3815 361 3878; x_wconf 90' lang='lat' dir='ltr'><strong>musius</strong></span> <span class='ocrx_word' id='word_1_187' title='bbox 394 3814 493 3881; x_wconf 85' lang='lat' dir='ltr'><strong>fuerit</strong></span> <span class='ocrx_word' id='word_1_188' title='bbox 524 3841 661 3884; x_wconf 87' lang='lat' dir='ltr'><strong>necesse</strong></span> <span class='ocrx_word' id='word_1_189' title='bbox 693 3830 752 3886; x_wconf 90' lang='lat' dir='ltr'><strong>est.</strong></span> <span class='ocrx_word' id='word_1_190' title='bbox 807 3822 872 3903; x_wconf 83' lang='lat' dir='ltr'><strong>Qui</strong></span> <span class='ocrx_word' id='word_1_191' title='bbox 905 3831 977 3886; x_wconf 81' lang='lat' dir='ltr'><strong>cum</strong></span> <span class='ocrx_word' id='word_1_192' title='bbox 1012 3845 1034 3887; x_wconf 91' lang='lat' dir='ltr'><strong>a</strong></span> <span class='ocrx_word' id='word_1_193' title='bbox 1055 3846 1179 3910; x_wconf 89' lang='lat' dir='ltr'><strong>proavo</strong></span> <span class='ocrx_word' id='word_1_194' title='bbox 1209 3826 1354 3894; x_wconf 84' lang='lat' dir='ltr'><strong>Thracio</strong></span> 
     </span>
     <span class='ocr_line' id='line_1_34' title="bbox 236 3914 1353 4010; baseline 0.011 -30"><span class='ocrx_word' id='word_1_195' title='bbox 236 3914 329 3980; x_wconf 87' lang='lat' dir='ltr'><strong>Olori</strong></span> <span class='ocrx_word' id='word_1_196' title='bbox 356 3938 474 3982; x_wconf 90' lang='lat' dir='ltr'><strong>nomen</strong></span> <span class='ocrx_word' id='word_1_197' title='bbox 501 3922 680 4006; x_wconf 87' lang='lat' dir='ltr'><strong>acceperit,</strong></span> <span class='ocrx_word' id='word_1_198' title='bbox 708 3922 780 3986; x_wconf 89' lang='lat' dir='ltr'><strong>fieri</strong></span> <span class='ocrx_word' id='word_1_199' title='bbox 805 3924 917 4010; x_wconf 89' lang='lat' dir='ltr'><strong>nequit</strong></span> <span class='ocrx_word' id='word_1_200' title='bbox 947 3935 984 3989; x_wconf 90' lang='lat' dir='ltr'><strong>ut</strong></span> <span class='ocrx_word' id='word_1_201' title='bbox 1010 3925 1098 3990; x_wconf 90' lang='lat' dir='ltr'><strong>filius</strong></span> <span class='ocrx_word' id='word_1_202' title='bbox 1132 3936 1212 3991; x_wconf 91' lang='lat' dir='ltr'><strong>natu</strong></span> <span class='ocrx_word' id='word_1_203' title='bbox 1246 3931 1353 3993; x_wconf 81' lang='lat' dir='ltr'><strong>maxi-</strong></span> 
     </span>
     <span class='ocr_line' id='line_1_35' title="bbox 235 4017 1353 4113; baseline 0.013 -34"><span class='ocrx_word' id='word_1_204' title='bbox 235 4038 307 4081; x_wconf 89' lang='lat' dir='ltr'><strong>mus</strong></span> <span class='ocrx_word' id='word_1_205' title='bbox 331 4017 443 4100; x_wconf 85' lang='lat' dir='ltr'><strong>fuerit,</strong></span> <span class='ocrx_word' id='word_1_206' title='bbox 472 4019 530 4084; x_wconf 87' lang='lat' dir='ltr'><strong>sed</strong></span> <span class='ocrx_word' id='word_1_207' title='bbox 559 4019 683 4107; x_wconf 85' lang='lat' dir='ltr'><strong>absque</strong></span> <span class='ocrx_word' id='word_1_208' title='bbox 710 4022 810 4088; x_wconf 91' lang='lat' dir='ltr'><strong>dubio</strong></span> <span class='ocrx_word' id='word_1_209' title='bbox 837 4023 971 4089; x_wconf 85' lang='lat' dir='ltr'><strong>fratrem</strong></span> <span class='ocrx_word' id='word_1_210' title='bbox 1003 4027 1165 4113; x_wconf 90' lang='lat' dir='ltr'><strong>quendam</strong></span> <span class='ocrx_word' id='word_1_211' title='bbox 1193 4030 1353 4095; x_wconf 90' lang='lat' dir='ltr'><strong>maiorem</strong></span> 
     </span>
     <span class='ocr_line' id='line_1_36' title="bbox 234 4114 1353 4213; baseline 0.015 -34"><span class='ocrx_word' id='word_1_212' title='bbox 234 4114 366 4201; x_wconf 82' lang='lat' dir='ltr'><strong>habuit,</strong></span> <span class='ocrx_word' id='word_1_213' title='bbox 397 4119 490 4182; x_wconf 91' lang='lat' dir='ltr'><strong>cuius</strong></span> <span class='ocrx_word' id='word_1_214' title='bbox 512 4119 645 4205; x_wconf 91' lang='lat' dir='ltr'><strong>quidem</strong></span> <span class='ocrx_word' id='word_1_215' title='bbox 666 4144 785 4188; x_wconf 91' lang='lat' dir='ltr'><strong>nomen</strong></span> <span class='ocrx_word' id='word_1_216' title='bbox 806 4123 951 4189; x_wconf 87' lang='lat' dir='ltr'><strong>Atticum</strong></span> <span class='ocrx_word' id='word_1_217' title='bbox 979 4128 1178 4213; x_wconf 83' lang='lat' dir='ltr'><strong>ignoramus.</strong></span> <span class='ocrx_word' id='word_1_218' title='bbox 1224 4129 1291 4195; x_wconf 90' lang='lat' dir='ltr'><strong>Per</strong></span> <span class='ocrx_word' id='word_1_219' title='bbox 1315 4154 1353 4197; x_wconf 91' lang='lat' dir='ltr'><strong>se</strong></span> 
     </span>
     <span class='ocr_line' id='line_1_37' title="bbox 232 4219 1352 4309; baseline 0.017 -30"><span class='ocrx_word' id='word_1_220' title='bbox 232 4225 322 4300; x_wconf 87' lang='lat' dir='ltr'><strong>patet</strong></span> <span class='ocrx_word' id='word_1_221' title='bbox 344 4226 470 4303; x_wconf 88' lang='lat' dir='ltr'><strong>patrem</strong></span> <span class='ocrx_word' id='word_1_222' title='bbox 498 4219 594 4285; x_wconf 91' lang='lat' dir='ltr'><strong>huius</strong></span> <span class='ocrx_word' id='word_1_223' title='bbox 615 4221 707 4288; x_wconf 91' lang='lat' dir='ltr'><strong>Olori</strong></span> <span class='ocrx_word' id='word_1_224' title='bbox 734 4224 923 4309; x_wconf 86' lang='lat' dir='ltr'><strong>indigenam</strong></span> <span class='ocrx_word' id='word_1_225' title='bbox 944 4227 1180 4295; x_wconf 88' lang='lat' dir='ltr'><strong>Atheniensem</strong></span> <span class='ocrx_word' id='word_1_226' title='bbox 1205 4253 1223 4295; x_wconf 96' lang='lat' dir='ltr'><strong>e</strong></span> <span class='ocrx_word' id='word_1_227' title='bbox 1253 4232 1352 4299; x_wconf 91' lang='lat' dir='ltr'><strong>demo</strong></span> 
     </span>
     <span class='ocr_line' id='line_1_38' title="bbox 233 4315 1353 4417; baseline 0.02 -36"><span class='ocrx_word' id='word_1_228' title='bbox 233 4315 422 4384; x_wconf 79' lang='lat' dir='ltr'><strong>Halimunte</strong></span> <span class='ocrx_word' id='word_1_229' title='bbox 444 4319 565 4404; x_wconf 82' lang='lat' dir='ltr'><strong>fuisse,</strong></span> <span class='ocrx_word' id='word_1_230' title='bbox 590 4323 643 4388; x_wconf 87' lang='lat' dir='ltr'><strong>cui</strong></span> <span class='ocrx_word' id='word_1_231' title='bbox 666 4323 754 4391; x_wconf 87' lang='lat' dir='ltr'><strong>haud</strong></span> <span class='ocrx_word' id='word_1_232' title='bbox 776 4326 843 4391; x_wconf 90' lang='lat' dir='ltr'><strong>scio</strong></span> <span class='ocrx_word' id='word_1_233' title='bbox 869 4347 912 4391; x_wconf 85' lang='lat' dir='ltr'><strong>an</strong></span> <span class='ocrx_word' id='word_1_234' title='bbox 936 4328 1139 4417; x_wconf 85' lang='lat' dir='ltr'><strong>Thucydidis</strong></span> <span class='ocrx_word' id='word_1_235' title='bbox 1161 4331 1216 4399; x_wconf 89' lang='lat' dir='ltr'><strong>vel</strong></span> <span class='ocrx_word' id='word_1_236' title='bbox 1238 4330 1353 4405; x_wconf 84' lang='lat' dir='ltr'><strong>Timo·</strong></span> 
     </span>
    </p>
   </div>
   <div class='ocr_carea' id='block_1_13' title="bbox 0 0 1486 5018">
    <p class='ocr_par' dir='ltr' id='par_1_14' title="bbox 0 0 1486 5018">
     <span class='ocr_line' id='line_1_39' title="bbox 0 0 1486 5018; baseline 0 4"><span class='ocrx_word' id='word_1_237' title='bbox 0 0 1486 5018; x_wconf 95' lang='lat' dir='ltr'><strong> </strong></span> 
     </span>
    </p>
   </div>
  </div>
 </body>
</html>
