2962 5018
1192 430 1253 494 287

143 593 348 673 recentioris,
364 612 437 654 cum
452 589 533 654 haec
556 589 714 654 scriberet
734 593 829 673 τηλία
845 592 911 673 ἔχει
926 593 1039 674 μέντοι
1057 585 1137 656 καθ’
1157 590 1255 656 ἑαυτὸ

144 688 284 774 ἄπορον.
332 684 390 754 ἐὰν
413 690 448 755 δὲ
472 686 509 755 τὸ
531 690 568 755 ἐν
588 695 729 777 Μαρικᾷ
751 692 940 778 προσέλθῃ,
963 695 1049 757 ἔνθα
1071 695 1118 768 εἰς
1139 696 1255 774 τηλίαν

144 791 227 876 φησὶ
247 788 288 856 τὰ
306 795 367 856 τοῦ
384 784 592 877 Ὑπερβόλου
612 787 693 855 ὀστᾶ
708 792 936 877 ἐμβεβλῆσθαι
961 793 1058 880 (bene
1077 792 1158 856 haec
1180 816 1254 856 cum

144 893 245 958 schol.
272 897 380 979 priore
407 894 560 959 conciliat
579 893 780 958 Fritzschius
801 897 874 959 Act.
899 916 965 959 soc.
990 894 1048 958 Gr.
1072 893 1088 955 I
1110 914 1142 978 p.
1168 897 1253 980 134),

144 989 362 1077 ἀπορώτερον
383 998 485 1061 ἔσται.
506 995 662 1079 ζητητέον
684 985 758 1059 οὖν.
792 995 908 1081 Itaque
931 994 1075 1081 spondeo
1097 995 1253 1080 scriptum

143 1098 246 1161 fuisse
266 1090 318 1160 ὅτι
339 1093 376 1161 δὲ
398 1096 623 1183 συμβάλλεται
644 1099 690 1182 τᾷ
715 1096 782 1183 (vel
804 1091 857 1182 τὸ)
882 1095 919 1160 ἐν
940 1098 1081 1181 Μαρικᾷ
1103 1089 1255 1161 Εὐπόλι-

144 1201 203 1275 δος
230 1193 321 1282 οἶδα,
354 1200 515 1287 equibus
544 1220 660 1263 sensus
684 1199 832 1285 exsculpi
854 1200 995 1283 optimus
1016 1206 1140 1282 potest:
1173 1198 1255 1263 ‘hoc

144 1301 211 1363 scio
237 1299 343 1364 locum
366 1300 549 1385 comparari
575 1299 680 1364 solere
705 1322 779 1364 cum
802 1299 901 1363 simili
923 1299 1064 1387 quodam
1082 1298 1254 1383 Eupolidis

90 1387 102 1409 ’
144 1400 182 1464 ἐν
201 1403 342 1487 Μαρικᾷ
363 1401 444 1482 loco,
468 1421 532 1486 quo
547 1399 731 1490 Hyperboli
748 1410 885 1466 matrem
904 1402 999 1485 τηλίᾷ
1021 1400 1161 1463 similem
1175 1399 1254 1464 fecit

142 1510 270 1588 poeta’.
322 1500 528 1588 (Simillimus
561 1501 651 1565 locus
686 1510 736 1564 est
770 1499 871 1565 schol.
897 1501 985 1565 Avv.
1019 1505 1092 1565 767.
1140 1501 1253 1565 Possis

144 1605 242 1666 etiam
260 1601 470 1686 συμβλητέον
490 1605 535 1688 τᾷ
558 1599 630 1684 ντὲ,
660 1610 697 1666 ut
718 1601 819 1666 schol.
842 1603 930 1666 Avv.
956 1602 1037 1665 1562
1060 1596 1144 1683 ὅπερ
1166 1618 1253 1685 συμ-

144 1701 343 1785 φωνότερόν
363 1702 433 1767 ἐστι
454 1705 500 1787 τᾷ
523 1700 613 1784 παρὰ
633 1698 852 1789 Μενάνδρῳ.)
897 1702 981 1766 Nam
1003 1702 1030 1766 si
1053 1724 1134 1785 eam,
1157 1725 1255 1790 quam

145 1803 364 1869 Schneiderus
387 1802 508 1886 elicuit,
529 1806 721 1868 sententiam
745 1805 927 1888 exprimere
948 1807 1172 1868 commentarii
1198 1827 1253 1868 au-

144 1915 214 1970 ctor
224 1906 423 1987 voluisseta
438 1927 528 1969 more
544 1906 828 1990 grammaticorum
840 1925 905 1966 non
922 1902 1117 1987 desciscens,
1129 1907 1253 1991 opinor,

144 2007 329 2092 scripsisset
351 2007 473 2070 omissa
487 2027 567 2070 voce
582 2001 672 2071 olda·
695 2004 829 2089 σνμβέ
833 2010 855 2089 β
862 2009 982 2087 ληται
1001 2001 1039 2070 δὲ
1059 2008 1098 2070 ἐν
1112 2010 1254 2094 Μαρικᾷ

143 2102 353 2190 Εὐπόλιδος,
381 2109 591 2195 quantumvis
615 2110 712 2172 etiam
735 2109 782 2172 sic
803 2128 959 2193 perverso
984 2107 1176 2173 elocutionis
1198 2131 1254 2194 ge-

143 2230 220 2272 nere
246 2211 385 2296 scriptor
410 2232 488 2274 usus
509 2218 605 2274 esset.
650 2210 781 2273 Etenim
803 2230 885 2296 quae
908 2207 1137 2293 Schneiderus,
1160 2233 1253 2275 susm

142 2316 179 2371 ut
203 2331 353 2374 caussam
374 2321 489 2395 ageret
509 2310 659 2397 exempla
680 2312 845 2395 congessit
867 2310 968 2376 schol.
992 2311 1079 2393 Plut,
1095 2315 1114 2375 9
1130 2314 1251 2399 Vespp.

147 2413 200 2471 151
226 2412 312 2474 Avv.
333 2414 423 2494 1738,
448 2421 484 2475 ut
505 2413 586 2475 satis
607 2412 685 2474 trita
707 2420 791 2491 sunt,
814 2412 860 2472 ita
883 2408 967 2487 alius
989 2412 1086 2497 plane
1108 2416 1250 2496 generis.

143 2510 235 2575 Haeo
257 2513 344 2574 enim
365 2512 480 2575 volunt
511 2517 576 2575 ‘De
597 2517 643 2574 his
668 2516 748 2585 dixi,
776 2518 915 2588 exposui,
944 2519 1116 2575 sententiam
1141 2533 1252 2576 meum

143 2619 252 2691 upemi
267 2620 297 2676 ιἰι
314 2620 523 2703 commentario
538 2617 711 2687 Ριιιοοιίοο,
732 2615 934 2687 Menandreo,
953 2616 1118 2674 Cratineo'.
1144 2613 1254 2677 Possit

143 2715 240 2777 etiam
262 2714 341 2777 ferri
365 2721 444 2778 ‘cum
463 2719 509 2777 his
523 2719 644 2777 memini
656 2733 701 2776 me
715 2719 926 2790 comparore';
948 2720 982 2775 at
996 2711 1076 2775 haec
1092 2716 1253 2778 sententia

142 2813 252 2878 verbis
283 2809 334 2878 ὅτι
355 2811 392 2879 δὲ
415 2813 639 2899 συμβάλλεται
665 2809 740 2878 οἶδα
761 2821 849 2877 recte
872 2813 1011 2899 exprimi
1036 2836 1101 2878 non
1122 2817 1251 2901 poterit.

143 2913 225 2977 Utut
243 2923 306 2997 est,
335 2918 511 3003 requiritur
529 2919 563 2980 in
584 2916 634 2978 his
654 2913 775 2978 talibus
800 2914 979 3000 perfectum
1005 2920 1147 2998 εἴρηται,
1167 2917 1252 2983 διελ-

143 3019 273 3098 ληπται,
292 3014 476 3100 διώρισται.
505 3021 551 3083 At
574 3039 688 3081 vereor
710 3016 857 3103 equidem
881 3038 922 3079 ne
936 3016 1017 3080 nihil
1033 3016 1123 3081 aliud
1142 3018 1251 3083 dicere

142 3115 418 3206 voluerittscholii
440 3130 562 3203 auctor,
588 3141 684 3207 quam
703 3127 804 3182 semet
825 3119 932 3204 ipsum
954 3119 1032 3204 quid
1055 3118 1249 3205 explicando

142 3215 218 3281 huic
240 3217 311 3284 loco
334 3220 465 3286 salubre
488 3222 602 3287 afferat
619 3243 684 3285 non
706 3219 840 3300 habere,
863 3241 967 3305 neque
990 3220 1071 3284 alios
1094 3223 1250 3308 interpre-

141 3326 192 3382 tes
208 3318 361 3386 habuisse
381 3322 497 3405 videri,
520 3325 640 3411 quippe
655 3328 811 3410 quotquot
824 3321 1022 3406 inspexisset
1034 3344 1145 3387 omnes
1161 3325 1194 3385 in
1211 3346 1249 3387 eo

140 3423 361 3507 acquievisse,
392 3432 428 3487 ut
447 3424 556 3489 locum
575 3426 737 3512 quendam
759 3448 801 3490 ex
823 3424 996 3511 Eupolidis
1019 3424 1131 3488 fabula
1151 3424 1250 3487 Mari-

141 3543 196 3585 cas
219 3525 376 3611 inscripta
397 3536 607 3612 apponerent,
629 3529 663 3591 in
682 3548 746 3614 quo
764 3527 851 3592 idem
868 3526 949 3589 illud
968 3526 1134 3610 quaesitae
1150 3525 1249 3607 signi·

140 3619 301 3685 ficationis
318 3625 513 3689 vocabulum
536 3631 631 3708 τηλία
653 3634 834 3713 appareret.
879 3627 987 3711 Atque
1006 3626 1086 3689 haec
1101 3611 1248 3712 profecto

142 3718 291 3803 redolent
315 3722 453 3809 Didymi
474 3725 659 3809 ingenium,
688 3726 743 3811 qui
766 3727 856 3790 inre
879 3728 1003 3789 incerta
1024 3725 1104 3788 nihil
1127 3726 1248 3789 discer·

140 3842 218 3884 nere
243 3841 357 3905 ausus,
382 3823 460 3887 dum
484 3825 647 3887 inscitiam
676 3845 767 3887 suam
789 3826 930 3911 ingenue
955 3826 1126 3890 confitetur
1132 3875 1141 3909 ,
1170 3826 1249 3913 quid

141 3920 330 3986 decessores
352 3922 424 3987 loco
443 3923 636 3988 illustrando
653 3925 829 4008 attulerint,
849 3927 1023 3991 adnotasse
1039 3929 1118 3991 satis
1138 3927 1246 3991 habet.

142 4019 234 4085 Idem
262 4044 342 4088 vero
370 4025 405 4087 in
430 4024 536 4090 lexico
564 4025 687 4089 comico
714 4025 756 4089 ad
783 4027 979 4092 vocabulum
1003 4032 1098 4110 τηλία
1121 4028 1248 4092 delatus

140 4143 227 4204 cam,
258 4145 354 4210 quam
376 4124 562 4211 Hesychius
585 4125 759 4211 delibavit,
782 4128 1033 4214 explicationem
1052 4136 1248 4216 apposuerat

139 4227 250 4307 τηλία·
270 4229 368 4310 σηλία
390 4225 427 4291 ἐν
449 4215 696 4314 ᾗδιαμᾷττεται
717 4226 757 4293 τὰ
776 4224 903 4313 ἄλευρα
918 4226 938 4315 ἢ
954 4231 1148 4314 περιφέρεια
1165 4246 1247 4293 κοσ-

138 4329 247 4391 κίνου.
310 4329 419 4414 Atque
463 4351 505 4393 ne
543 4328 628 4394 hanc
665 4331 797 4418 quidem
827 4331 965 4417 Didymi
995 4331 1245 4418 explicationem
