2962 5024
234 413 292 476 178
692 415 894 476 -Ω-

303 581 389 643 215.
414 576 505 663 πρό·
529 572 637 654 οὕτως
659 575 758 660 χωρὶς
781 582 842 642 τού
865 595 895 642 σ.
919 579 961 644 A.

312 683 385 745 211.
404 676 615 764 Ἀρίσταρχος
636 673 656 763 η’
680 675 901 763 ὀνόσασθ’,
919 679 1112 764 ἐμέμψασθε
1131 681 1185 747 καὶ
1202 683 1346 767 ἐξεφαύ-

232 788 382 849 λίσασθε.
402 779 559 870 βούλεται
581 779 618 846 δὲ
639 781 760 865 λέγειν,
783 780 855 864 ἐμοὶ
878 780 1173 866 συλλυπησόμενοι
1196 787 1251 850 καὶ
1269 781 1346 870 ούχλ

231 884 369 963 ἕκαστος
392 887 480 951 ίδιον
501 879 608 951 κακὸν
629 885 753 967 νομιῖει
776 878 1008 967 τὴνἝκτορος
1031 879 1210 950 άπτόλειαν.
1232 887 1273 951 A.

315 1007 387 1069 253.
417 1000 648 1087 κατηφόνες
669 1042 713 1051 -
733 996 841 1078 ούταις
859 997 1086 1087 Ἀρίσταρχος,
1115 1003 1170 1069 καὶ
1191 999 1342 1088 άμεινον.

229 1112 365 1194 θηλυκῂ
392 1108 457 1190 γάρ
490 1108 697 1191 προσηγορία
738 1098 901 1169 ὀνειδίσαι
934 1103 1015 1182 τούς
1040 1100 1137 1182 υἱούς
1164 1101 1342 1190 ἠθέλησεν,

231 1208 334 1274 οίονελ
356 1207 544 1290 κατήφειαι.
568 1202 702 1288 Κράτης
724 1205 838 1288 μέντοι
857 1205 1063 1290 κατηφέες
1083 1203 1215 1290 γράφει.
1238 1208 1280 1272 A.

318 1313 389 1375 269.
412 1303 476 1373 ούκ
495 1299 537 1392 ἦν
561 1305 651 1388 παρά
669 1304 851 1392 Ζηνοδότφ
873 1301 892 1370 ό
913 1310 1031 1390 στίχος.
1053 1309 1095 1372 A.

315 1414 386 1475 292.
415 1407 543 1493 ταχύν
562 1447 604 1459 -
627 1408 665 1473 ἐν
686 1404 776 1496 άλλφ
798 1404 877 1473 ἑόν.
914 1410 1037 1496 Recepi
1059 1410 1146 1496 quod
1169 1410 1342 1476 Nicanoris

230 1513 377 1579 scholion
395 1513 594 1596 adiungitur.
618 1511 670 1576 Of.
692 1513 764 1573 310.

317 1631 402 1718 [304.
426 1624 723 1714 ἡΜασσαλιωτικὴ
746 1631 867 1711 ταμίη
890 1623 991 1711 μετά
1006 1628 1152 1713 χερσὶν
1171 1632 1342 1712 ἔχουσα,

231 1726 288 1794 διά
317 1727 354 1795 τὰ
380 1727 425 1814 μὴ
455 1733 610 1815 εἰρῆσθαι
635 1735 701 1794 νύν
728 1727 889 1813 συνήθως
916 1724 1007 1818 αύτῷ
1030 1729 1083 1797 ἐπὶ
1105 1735 1173 1797 τῶν
1194 1725 1342 1813 ὑδάτων,

228 1825 303 1897 ἄλλ’
327 1832 382 1898 ἐπὶ
404 1835 465 1896 τού
484 1826 629 1909 σκεύους
656 1827 702 1897 τά
724 1829 914 1916 χέρνιβα·
938 1833 969 1896 εί
988 1827 1033 1915 μὴ
1056 1828 1122 1917 άρα
1143 1833 1263 1909 ἑνικῶς
1284 1831 1341 1895 ἐν-

227 1929 315 1998 θάδε
336 1931 503 2016 γραπτέον
524 1934 727 2018 χέρνιβον
749 1927 997 2016 ἀμφίπολος.
1020 1934 1074 2022 VJ

312 2037 384 2098 329.
407 2033 559 2110 πόλεος
580 2058 633 2117 χρ.
656 2031 815 2109 πόλιος.
838 2034 880 2097 A.
905 2032 1036 2098 Deinde
1058 2035 1211 2099 Nicanor.

313 2136 384 2198 332.
407 2134 685 2217 προφανέντε·
709 2132 746 2198 ἐν
767 2138 806 2220 τῇ
831 2139 893 2221 Χία
916 2133 1161 2220 καταβάντε.
1185 2139 1225 2200 A.

309 2237 381 2298 341.
406 2228 513 2310 οὕτως
534 2230 591 2299 διά
612 2238 675 2299 τού
697 2258 715 2300 ο
736 2238 876 2318 φέρον.
899 2237 941 2301 Α.

316 2338 387 2399 344.
411 2331 519 2413 οὕτως
537 2330 759 2423 Ἀρίσταρχος,
781 2337 918 2404 ἐθέλει
940 2333 996 2403 διά
1019 2341 1081 2402 τού
1102 2361 1126 2402 ε.
1151 2338 1188 2402 αί
1206 2334 1243 2401 δὲ
1265 2356 1340 2403 κοι-’
1397 2330 1398 2333 “

229 2433 284 2500 ναὶ
306 2433 363 2501 διά
385 2441 448 2502 τοῦ
469 2461 489 2521 η
513 2437 623 2525 ἐθέλη.
646 2441 688 2504 A.
820 2472 823 2477 ·

311 2543 384 2604 373.
416 2533 526 2617 ούτεος
545 2535 601 2605 διά
623 2544 687 2606 τού
709 2563 733 2604 π
755 2536 867 2606 οὕτω
895 2564 966 2628 πη,
992 2541 1029 2606 ἐν
1052 2540 1092 2605 δέ
1110 2558 1177 2608 τισι
1200 2539 1256 2607 διά
1278 2545 1341 2606 τού

226 2658 246 2720 δ
268 2652 401 2734 ούτως
422 2654 479 2741 δή
502 2658 543 2722 A.

309 2761 382 2823 486.
408 2759 461 2823 Cf.
486 2760 587 2824 schol.
611 2760 732 2846 Odyss.
755 2784 777 2823 α
795 2764 867 2825 413.

309 2879 382 2940 512.
404 2878 594 2962 Ζηνόδοτος
615 2877 651 2943 δὲ
674 2874 852 2962 στεναχή
876 2873 931 2942 διά
957 2882 1020 2943 τού
1042 2877 1208 2963 εγράφει.
1242 2877 1337 2942 ἐκπί-

225 2999 298 3040 πτει
328 2975 365 3041 δὲ
393 2972 433 3041 τά
462 2973 517 3042 διά
542 2983 604 3044 τού
634 3003 649 3044 ε
678 2978 807 3065 ῥήματα
831 2981 869 3044 ἐν
894 2992 964 3057 τοῖς
989 2975 1155 3065 ὀνόμασιν
1178 2984 1223 3058 είς
1246 2977 1282 3044 τὸ
1307 3005 1336 3063 ο,

224 3075 309 3156 λέγω
335 3073 446 3157 λόγος,
467 3077 555 3160 μένω
578 3075 677 3163 μονή,
700 3074 807 3158 οὕτως
830 3080 984 3156 στενάξαι
1006 3077 1160 3163 στοναχή.
1182 3081 1223 3144 A.
1261 3079 1334 3142 Nisi

224 3184 301 3239 ante
323 3173 513 3260 Ζηνόδοτος
536 3182 659 3246 excidit
681 3175 733 3247 ὅτι
753 3193 786 3248 et
804 3183 951 3248 scholion
973 3183 1153 3245 Aristonici
1176 3191 1235 3245 est.

309 3297 380 3358 518.
403 3289 511 3373 οὕτως
528 3292 738 3384 Ἀρίσταρχος
761 3294 849 3364 κάκ’
873 3294 1034 3382 άνσχεο.
1054 3301 1095 3363 A.

312 3400 384 3461 546.
403 3390 615 3482 Ἀρίσταρχος
637 3394 703 3465 σύν
724 3405 771 3489 τῷ
795 3424 816 3465 ν
838 3405 893 3466 τῶ
900 3425 921 3464 ν
940 3400 992 3466 σε’.
1016 3405 1058 3466 A.

312 3501 384 3562 557.
408 3499 461 3563 Of.
485 3499 602 3584 fragm.
626 3511 704 3566 cert.
728 3502 796 3568 sed.
819 3527 852 3590 p.
879 3504 949 3566 112.

228 3680 234 3693 ·
309 3637 353 3648 -
373 3587 508 3677 ούτοςὸ
532 3605 643 3684 στίχος
665 3597 727 3686 ούχ
750 3596 877 3687 εὑρέθη
900 3605 938 3668 ἐν
961 3606 1008 3690 τῷ
1029 3605 1169 3690 παλαιῷ.
1191 3601 1233 3665 A.

305 3704 378 3764 565.
402 3702 463 3778 ἔξω
484 3706 547 3767 τού
568 3726 589 3767 ν
611 3697 629 3767 ὁ
651 3707 696 3768 κέ
715 3701 913 3789 σύνδεσμος.
935 3705 976 3770 A.

304 3822 376 3883 566.
400 3816 518 3898 ἑνικῶς
541 3821 577 3886 δὲ
600 3815 713 3906 όχηα.
736 3824 778 3887 A.
804 3823 856 3888 Of.
880 3829 918 3889 Ψ
936 3828 1008 3888 307.
1028 3822 1109 3887 ibid.
1132 3815 1333 3904 οὐδὲγάρ

220 3914 284 3982 άν·
307 3919 344 3984 ἐν
365 3915 454 4008 άλλφ
477 3917 574 3986 ούτε
595 3919 672 4006 γάρ
692 3918 714 3986 ά
721 3947 750 3987 ν.
775 3924 872 4004 Quod
887 3924 1086 4010 Didymeum
1101 3925 1241 4005 videtur,
1260 3946 1333 3987 cum

220 4020 400 4085 Aristonici
422 4022 562 4088 addatur
585 4024 783 4090 observatio.

303 4121 375 4184 584.
410 4122 447 4184 ἔν
469 4140 535 4188 τισι
555 4121 680 4189 κότον
702 4120 753 4190 ού
773 4123 1017 4210 κατερύκει·
1051 4121 1193 4211 άμεινον
1215 4126 1251 4193 δὲ
1273 4123 1332 4210 χό-

218 4223 289 4283 λον.
312 4220 354 4284 Α.
382 4222 478 4287 Adde
500 4225 541 4287 V.
559 4217 686 4303 Ῥιανός
707 4226 851 4311 κόλον,
869 4230 904 4294 οί
922 4226 959 4295 δὲ
978 4227 1111 4295 κόπον
1128 4227 1194 4295 κτὲ.

302 4325 373 4385 604.
397 4323 507 4400 υίὲες
530 4324 693 4410 γράφεται
717 4329 771 4394 καὶ
791 4331 919 4408 υίεῑς·
944 4333 1043 4414 διχῶς
1062 4321 1135 4396 ούν.
1160 4331 1202 4394 Α.
