2932 5002
227 394 289 457 392

229 561 360 645 singula
380 578 503 644 genera
525 556 741 620 inservissent
760 555 866 641 poetis
885 553 1091 636 edissereret,
1112 553 1234 617 deinde
1254 575 1296 617 ea
1319 554 1354 617 in

231 661 356 749 species
380 657 541 725 divideret
563 655 868 743 subdivideretque,
900 657 934 718 in
963 655 1165 740 singulorum
1189 654 1354 741 etymolo-

230 763 328 847 giam,
351 763 538 824 inventores
552 759 684 844 primos,
705 756 874 823 historiam
893 766 992 843 atque
1007 756 1218 842 antiquitates
1241 756 1354 842 inqui·

231 871 333 944 reret,
363 861 505 947 denique
526 869 680 945 tanquam
704 858 873 923 ordinibus
897 859 967 921 sive
989 853 1109 921 κανόσι
1130 856 1247 938 factis,
1275 856 1353 920 reli·

231 964 304 1050 quis
330 963 436 1049 poetis
464 961 624 1026 minorum
649 961 795 1043 gentium
824 959 929 1023 obiter
946 958 1150 1039 memoratis,
1177 958 1353 1043 principes

232 1071 447 1146 enumeraret,
473 1083 658 1147 eorumque,
680 1069 835 1148 quantum
856 1060 928 1125 fieri
955 1070 1075 1147 posset,
1098 1055 1152 1123 καὶ
1173 1059 1274 1140 γένος
1294 1059 1353 1122 καὶ

233 1165 393 1247 πατρίδας
420 1167 477 1227 καί
501 1186 593 1239 τινας
625 1160 677 1226 ἐπὶ
706 1162 829 1245 μέρους
857 1159 1010 1245 πράξεις,
1042 1171 1079 1224 ut
1101 1159 1209 1224 Procli
1234 1160 1352 1224 verbis

231 1274 304 1329 utar
325 1288 357 1351 p.
381 1267 441 1328 319
463 1287 483 1327 a
498 1266 555 1345 20,
574 1271 834 1350 persequeretur.
878 1264 966 1327 Hinc
993 1262 1117 1326 factum
1137 1270 1174 1324 ut
1195 1260 1238 1324 fr.
1262 1263 1282 1323 2
1305 1260 1351 1323 ad

232 1367 455 1453 quaestionem
480 1365 522 1429 de
544 1364 746 1449 Theognidis
774 1365 881 1449 patria
909 1364 1099 1428 solvendam
1121 1370 1210 1425 reeta
1235 1361 1350 1446 dispu-

231 1467 322 1530 tandi
345 1467 401 1531 via
423 1465 545 1531 deferri
566 1474 687 1551 posset.

316 1567 416 1632 Haud
444 1567 569 1632 inutilis
596 1568 697 1652 igitur
718 1566 848 1630 videtur
871 1567 1018 1653 quaestio
1044 1588 1132 1649 esse,
1155 1562 1282 1627 nihilne
1306 1585 1352 1626 ex

232 1670 293 1733 hac
313 1671 385 1755 ipsa
405 1671 475 1734 eius
499 1670 606 1755 operis
627 1676 719 1754 parte
753 1675 892 1731 aetatem
923 1667 1049 1750 tulerit,
1077 1669 1113 1730 in
1141 1687 1207 1753 qua
1229 1664 1270 1728 de
1291 1687 1349 1751 pa-

230 1771 293 1833 tria
315 1769 521 1852 melicorum,
544 1780 632 1852 ertu,
655 1766 855 1832 carminibus
876 1768 1039 1855 rebusque
1060 1769 1162 1853 gestis
1186 1788 1350 1851 exposue-

230 1872 283 1934 rit.
333 1871 374 1934 In
395 1894 458 1958 qua
479 1871 637 1937 solvenda
654 1892 712 1956 pro
735 1893 770 1934 re
790 1878 869 1933 nata
889 1893 968 1956 prae
990 1871 1107 1935 ceteris
1127 1870 1272 1933 animum
1289 1868 1348 1931 ad-

231 1981 365 2035 vertunt
391 1972 539 2037 Eudocia
572 1972 690 2057 Suidas
719 1971 806 2052 sive,
835 1972 892 2057 qui
914 1973 1044 2058 utrique
1066 1971 1248 2035 eommunis
1270 1970 1348 2034 sons

233 2071 303 2152 fuit,
325 2071 513 2156 Hesychius
535 2074 592 2137 ille
607 2072 749 2136 Illustris
770 2073 804 2135 in
827 2073 1065 2157 onomatologo,
1088 2094 1184 2159 quem
1208 2070 1348 2158 Sympo-

231 2171 320 2233 siaea
345 2173 443 2234 etiam
470 2173 659 2237 adhibuisse
689 2172 841 2237 vidimus.
885 2173 940 2237 Ex
967 2172 1018 2237 hie
1040 2171 1257 2259 scriptoribus
1281 2172 1348 2236 col-

230 2272 331 2337 lectos
353 2277 448 2358 βίους
470 2277 620 2356 λυρικῶν
637 2272 800 2337 Antonius
816 2275 1087 2339 Westermannus
1107 2276 1250 2339 vitarum
1265 2277 1348 2338 scri-

229 2374 377 2459 ptoribus
393 2376 530 2440 Graecis
552 2373 731 2439 minoribus
752 2376 889 2441 inseruit
912 2374 984 2462 (lib.
1000 2376 1035 2439 II
1047 2399 1078 2462 p.
1091 2378 1188 2440 est-r
1200 2376 1263 2462 16),
1290 2377 1347 2463 qui

230 2484 339 2539 tamen
361 2476 468 2561 capita
489 2475 531 2540 V.
552 2475 645 2539 XIV.
666 2475 801 2540 XXXV
821 2500 885 2542 non
907 2476 1048 2541 debebat
1062 2477 1244 2561 admittere,
1266 2500 1347 2565 quo-

229 2598 301 2640 rum
319 2577 431 2662 priora
453 2576 517 2642 duo
541 2600 558 2640 e
581 2576 683 2641 schol.
706 2577 808 2641 Arist.
832 2578 915 2642 Ach.
941 2583 1021 2642 1150
1042 2579 1122 2666 Lys.
1148 2581 1244 2661 1237,
1282 2589 1347 2644 ter·

229 2678 311 2741 tium
325 2699 367 2741 ex
381 2678 552 2743 Athenaeo
568 2678 650 2742 XIV
662 2704 692 2767 p.
707 2682 768 2743 616
782 2679 810 2741 F
825 2683 887 2743 617
898 2680 927 2742 B
938 2683 972 2742 in
985 2678 1118 2744 Suidam
1131 2682 1347 2769 irrepserunt,

229 2776 272 2840 ab
294 2778 461 2865 Hesychio
491 2803 569 2846 vero
598 2779 686 2844 haud
715 2778 813 2843 dubie
842 2781 1004 2846 afuerunt.
1049 2780 1237 2868 Ereliquis
1265 2783 1347 2846 vitis

228 2901 287 2963 pro
311 2888 492 2966 temporum
522 2884 647 2946 ratione
668 2882 833 2969 Didymus
862 2904 1016 2946 enarrare
1043 2904 1107 2947 non
1129 2884 1236 2968 potuit
1257 2883 1364 2948 vitas

228 2979 426 3045 Mesomedis
445 2980 685 3070 hymnographi
706 2994 737 3047 et
752 2984 912 3048 Marciani
934 2983 1173 3070 metaphrastes
1196 2983 1346 3069 (XVIII.

126 3165 135 3177 ἢ
229 3076 342 3162 XXI),
366 3102 518 3147 enarrare
538 3086 656 3170 potuit,
680 3087 707 3149 si
729 3095 856 3172 tempus
881 3094 1024 3172 spectas,
1048 3085 1217 3151 Parthenii
1236 3107 1347 3169 gram·

228 3179 338 3241 matioi
352 3179 500 3264 Nicaeni,
524 3185 650 3249 sedant
668 3209 734 3251 non
754 3188 893 3273 scripsit,
915 3196 1026 3273 utpote
1048 3187 1264 3272 grammatici,
1289 3197 1347 3253 ant

228 3301 270 3342 ex
291 3288 384 3365 parte
406 3279 566 3347 duntaxat
588 3309 671 3372 quae
689 3286 807 3351 Suidas
830 3298 861 3352 et
881 3288 1029 3352 Eudocia
1048 3311 1080 3374 p.
1102 3291 1162 3352 357
1183 3288 1346 3371 referunt,

227 3389 360 3468 propter
381 3381 553 3470 Hermippi
568 3384 705 3472 Berytii,
726 3390 782 3474 qui
802 3388 962 3454 Hadriani
981 3388 1127 3476 aequalis
1149 3389 1222 3471 fnit,
1243 3411 1347 3478 appo·

190 3565 192 3568 Α
227 3483 324 3546 situm
352 3484 584 3550 testimonium.
628 3487 798 3575 Berytium
829 3492 914 3554 enim
942 3513 1047 3577 neque
1078 3512 1156 3554 vero
1188 3490 1346 3574 Callima-

226 3583 334 3648 chium
361 3585 556 3672 intellegunt
587 3610 659 3652 cum
688 3589 841 3657 Reinesio
864 3592 905 3655 A.
934 3592 1079 3656 Meinek.
1112 3591 1212 3656 anall.
1242 3593 1344 3659 Alex.

225 3707 256 3771 p.
277 3687 338 3749 255
361 3685 399 3751 Ο.
417 3687 566 3752 Mueller.
592 3689 667 3754 hist.
691 3692 749 3756 Gr.
771 3693 825 3756 III
847 3698 887 3756 45
911 3705 978 3759 not.
1023 3692 1088 3758 Sed
1112 3715 1195 3779 quae
1217 3703 1348 3759 restant

227 3785 404 3872 lyricorum
426 3790 567 3853 vitarum
587 3796 810 3860 enarrationes
831 3797 878 3861 ita
896 3804 1102 3881 comparatae
1124 3805 1199 3859 sunt
1218 3818 1346 3879 omnes,

226 3895 262 3949 ut
282 3909 302 3950 a
319 3887 464 3975 Didymo
496 3894 637 3979 scriptae
654 3917 742 3978 esse,
768 3897 838 3960 sive
856 3897 884 3959 is
908 3895 1142 3962 Chalcenterus
1164 3896 1242 3979 fuit,
1272 3899 1347 3963 sive

226 3990 369 4052 musicus
398 3989 655 4077 Pythagoricus,
684 3999 838 4083 temporis
867 4001 993 4063 ratione
1022 3999 1136 4063 habita
1162 4002 1344 4085 potuerint.

225 4087 297 4152 Hoc
316 4111 433 4154 moneo
456 4092 603 4158 Philetas
626 4096 696 4173 Coo
720 4097 816 4161 malle
842 4121 893 4163 me
919 4101 1050 4186 quidem
1072 4102 1159 4164 inter
1179 4122 1346 4184 gramma·

224 4190 305 4253 ticos
328 4190 435 4256 locum
458 4196 653 4279 concedere,
684 4202 876 4285 praesertim
899 4224 971 4265 eum
995 4199 1116 4265 Suidae
1138 4199 1242 4264 verba
1260 4201 1346 4268 haec

226 4292 305 4354 sint:
343 4292 570 4378 γραμματικός
604 4320 653 4374 τις
688 4299 853 4385 aperturis,
889 4303 947 4367 sed
980 4326 1045 4367 non
1076 4303 1198 4367 audere
1230 4313 1345 4369 tamen
