2948 5024
581 422 775 485 ..Β-

213 589 283 652 164.
317 594 410 663 σοίς
430 580 463 651 δ’
488 578 675 670 άγανοίς·
709 584 810 670 χωρὶς
830 587 892 652 τοῦ
914 587 936 651 δ
957 580 1047 670 εἶχον
1069 588 1106 652 αί
1124 590 1236 672 χαριέ-

122 708 240 756 σταται
267 698 358 766 σοίς
389 682 571 771 ἀγανοῖς.
605 685 660 754 καὶ
680 682 700 774 ἡ
720 682 984 773 Ἀριστοφάνους
1007 683 1116 767 οὕτως
1138 685 1235 774 εἶχεν.
1282 683 1284 687 ’

212 794 283 857 182.
325 786 390 858 κάν
422 802 493 869 ταῖς
520 789 811 874 διορθωσεσικαλ
839 791 877 857 ἐν
904 801 973 869 τοῖς
998 783 1238 876 ὑπομνήμασιν

123 888 233 971 οὕτως
254 892 436 979 ἐγέγραπτο
458 889 716 980 Ἀτρείωνος.
745 893 801 961 καὶ
824 894 862 959 αί
878 895 1016 971 πλείους
1038 892 1074 959 δὲ
1093 897 1162 959 τῶν
1177 918 1237 979 χα-

124 998 305 1081 ριεστέρων
325 992 433 1075 οὕτως
456 992 557 1082 εἶχον.
581 997 638 1064 καὶ
657 992 680 1082 ή
698 993 981 1082 Ἀριστοφάνειος.
1004 996 1060 1063 καὶ
1082 991 1100 1062 ὁ
1123 993 1238 1064 Σιδοί-

123 1121 195 1176 νιος
219 1094 256 1164 δὲ
279 1095 335 1164 καί
355 1092 374 1163 ὁ
393 1093 499 1177 Ἰξίων
520 1094 629 1179 οὕτως
650 1097 853 1185 γράφουσιν.
877 1100 919 1166 Α.

209 1204 280 1267 196.
316 1194 426 1279 οὕτως
445 1198 565 1280 ἑνικαίς
589 1227 611 1268 α
612 1198 871 1288 ί.Ἀριστάρχον
895 1204 951 1268 καί
974 1207 1180 1287 Πτολεμαῖος
1199 1202 1237 1269 δὲ

121 1327 140 1370 ο
163 1302 320 1388 ίπιθίτης
347 1302 385 1370 ἐν
412 1307 460 1393 τῷ
483 1302 605 1433 πράτφ
631 1307 708 1389 περὶ
726 1300 864 1384 Ἰλιάδος
882 1298 1131 1426 Ἀριστάρχειον
1152 1299 1237 1388 ὁμο-

122 1413 217 1491 λογεί
232 1404 295 1491 τήν
314 1402 461 1493 γραφήν.
492 1403 582 1493 εἶχον
600 1405 638 1475 A
657 1408 712 1473 καί
734 1409 770 1472 αί
791 1409 1001 1492 χαριέσταται
1021 1403 1131 1486 οὕτως
1152 1402 1237 1474 ἄνευ

123 1513 182 1594 τῆς
201 1505 459 1596 Ζηνοδότον,“
439 1535 477 1589 ος
495 1508 620 1595 γράφει
639 1510 898 1595 διοτρεφέων
920 1507 1147 1596 βασιλήων.
1183 1511 1238 1578 ἐπὶ

123 1608 213 1679 δὲ
177 1635 241 1678 τον
255 1606 486 1697 Ἀγαμέμνονα
508 1608 712 1701 ἀναφέρεται
740 1607 896 1696 ὁλόγος·
935 1608 991 1677 διό
1011 1630 1096 1698 φησι
1124 1621 1240 1698 φιλεῖ

123 1712 198 1806 δή
180 1737 197 1780 ε
215 1715 352 1798 μητίετα
374 1713 490 1793 Ζεύς’
511 1717 553 1782 A.

208 1820 281 1883 205.
303 1812 341 1881 τὸ
363 1817 419 1883 διδ
426 1840 472 1883 κε
490 1812 612 1897 Ἰακοῖς.
634 1812 744 1898 οὕτως
762 1812 982 1903 Ἀρίσταρχος.
1008 1819 1051 1883 A.

208 1921 280 1985 221.
326 1914 395 1984 τά·
429 1913 495 1985 κάν
519 1930 590 1998 ταῖς
607 1913 825 2005 Ἀριστάρχου
847 1918 1000 1987 ίκδόσεσι
1024 1920 1148 1998 δυίιιοίς
1171 1917 1236 2006 εἶχε

120 2018 157 2086 τὰ
179 2017 245 2087 τοτ’
266 2014 332 2087 κάν
352 2039 420 2088 τισι
443 2020 481 2088 δὲ
501 2025 572 2088 τοῖν
592 2025 745 2088 παλαιῶν
764 2017 1016 2109 ὑπομνημάτων
1030 2016 1140 2101 οὕτως
1156 2023 1236 2108 ἐφέ-

121 2146 209 2207 ρετο.
234 2124 276 2189 A.

208 2224 293 2313 [225.
321 2221 444 2290 τέοδ’
469 2213 582 2291 αὖτε·
609 2220 719 2306 οὕτως
737 2224 957 2314 Ἀρίσταρχος.
990 2192 1181 2313 Ζηνόδοτος
1198 2226 1235 2296 δὲ

119 2322 176 2394 διά
196 2330 260 2392 τοῦ
281 2350 334 2411 ην.
357 2327 411 2417 V.]

205 2432 279 2495 258.
313 2422 332 2494 ὁ
360 2427 423 2514 μὲν
444 2424 654 2515 Ἀρίσταρχος
680 2433 716 2496 εί
734 2431 780 2497 δέ
799 2456 852 2517 τι,
885 2427 965 2498 &A
987 2428 1177 2516 Ζηνόδοτος
1199 2439 1239 2499 εί

120 2527 155 2599 κ’
181 2533 253 2599 ἔτι.
294 2524 550 2615 δπροκριτίον.
591 2525 868 2618 ἡδδΣινωπική
892 2528 972 2618 εἶχε·
1005 2531 1235 2617 κιχήσομαι

119 2629 172 2712 ὦς
205 2629 250 2700 τδ
284 2629 417 2716 πάρος
449 2654 540 2718 περ,
574 2627 649 2699 άντλ
670 2637 748 2700 τοῦ·
786 2631 911 2714 Am
932 2623 1116 2716 περάδε.
1158 2627 1234 2718 ήδλ

120 2714 401 2818 Μασσαλιωτική·
423 2730 605 2816 ὕστερον
628 2724 757 2815 αὖτις.
780 2729 856 2821 ήδδ
878 2761 961 2803 κατα
949 2732 1167 2820 Φιλήμονα
1190 2734 1239 2801 ἐν

120 2846 366 2905 Δαναοῖσιν.
395 2837 435 2902 Β.
482 2836 565 2903 Oum
586 2837 637 2903 hls
667 2839 711 2905 cf.
740 2861 823 2927 quae
844 2837 1189 2929 suprap113adh.
1211 2840 1233 2905 l.

21 3024 24 3034 Ι
120 2962 163 3006 ex
182 2942 213 3006 A
236 2940 432 3006 notavimus.

204 3042 249 3108 ib.
270 3041 509 3127 κιχήσομαι·
531 3041 1123 3130 Πτολεμαῖοςκιχείομαιγράφει.
1145 3047 1188 3112 A.

204 3146 277 3210 266.
300 3166 409 3222 ουτως
427 3139 487 3208 αί’
481 3139 694 3240 Αριστάρχου
716 3146 895 3266 ἔκφυγε
926 3147 983 3214 καλ
999 3142 1127 3214 ἔστιν
1109 3173 1130 3233 η
1150 3153 1233 3271 χρή-

118 3263 171 3324 σις
184 3240 346 3333 Ὁμηρικὴ
369 3250 427 3331 τῆς
449 3247 584 3326 λέξεως·
607 3269 671 3330 περ
672 3250 780 3332 ίστησι
800 3243 865 3334 γάρ
888 3247 994 3316 ἐνίοτε
1022 3248 1154 3335 τάχος
1162 3277 1232 3336 φυ-

118 3372 179 3433 γεν
196 3343 295 3432 ήνια’
318 3348 372 3435 (ΙΙ.
397 3351 448 3432 23,
467 3349 544 3438 465)
567 3349 622 3415 καί
646 3348 795 3435 ’ἔκφυγε
816 3350 946 3438 χειρός’
968 3359 1014 3442 (Ε
1034 3355 1099 3442 18).
1121 3358 1163 3421 A.

204 3454 277 3517 278.
317 3474 425 3529 ουτως
457 3445 669 3538 Ἀρίσταρχος
701 3450 757 3520 διά
790 3460 852 3521 τοῦ
882 3481 895 3522 ι
927 3460 1230 3539 πτολίπορθος.

117 3547 214 3619 ἄλλοι
237 3548 275 3619 δὲ
296 3550 398 3619 δια’
374 3558 437 3620 τοῦ
453 3578 480 3640 ε,
502 3549 566 3621 οὐκ
587 3551 711 3640 δρθως.
732 3559 776 3623 A.

204 3648 293 3722 ib.’
275 3652 353 3723 ανδ
382 3653 415 3723 δ’
445 3652 481 3723 A·
509 3652 619 3737 οὕτως
636 3654 858 3745 Ἀρίσταρχος,
883 3655 972 3736 τινὲς
992 3658 1029 3724 δὲ
1050 3657 1150 3742 χωρίς
1170 3664 1232 3725 τοῦ

119 3755 255 3842 ἄρθρου
276 3782 396 3838 κακως
417 3762 459 3826 A.

205 3860 278 3922 300.
323 3857 378 3924 καί
415 3855 453 3925 τὸ
484 3852 507 3942 A
539 3857 656 3924 ἐτέον
693 3855 750 3924 διά
780 3863 843 3924 τοῦ
874 3881 895 3943 η
923 3854 1144 3951 Ἀρίσταρχος.
1189 3863 1230 3927 A.

118 3960 163 4025 H.
189 3983 218 4025 ο.
242 3962 336 4026 varia
357 3961 455 4028 lectio
477 3961 541 4026 fuit
563 3960 602 4026 εί.

204 4064 277 4126 336.
322 4058 463 4140 κείνός
489 4056 531 4129 δ’
555 4054 623 4141 As·
649 4057 769 4151 [οὕτως
785 4056 993 4151 Ἡρφδιανός
1014 4057 1071 4130 διά
1092 4068 1154 4129 τοῦ
1178 4068 1227 4154 A]

118 4162 286 4251 Didymus
305 4157 518 4250 Ἀρίσταρχος
539 4162 577 4231 A
601 4158 658 4230 διά
677 4168 740 4230 τοῦ
759 4186 787 4229 τ.
812 4166 854 4231 Α.

203 4266 277 4329 347.
322 4261 575 4349 βουλεύωσ’·
608 4261 660 4333 ὅτι
685 4263 985 4354 βουλεύωσιίν)
1008 4260 1227 4352 αίἈριστάρ-

117 4387 190 4448 χον.
227 4367 276 4432 A.
321 4367 468 4433 offendit
486 4367 518 4433 h.
543 4391 671 4458 quoque
692 4371 727 4455 1.,
748 4380 785 4436 ut
805 4378 836 4436 A
856 4371 929 4454 202,
952 4369 1070 4437 vocula
1091 4364 1155 4456 ὅτι,
1179 4393 1229 4437 so·
