2962 5024
207 438 304 505 ,172
698 440 893 500 -Χ-

326 609 399 670 455.
424 603 588 688 γράφεται
604 598 874 686 ἀπολεψέμεν
889 597 1029 669 οὔατα.
1047 604 1089 670 A.
1111 607 1164 673 cf.
1176 607 1355 676 Aristonic.

327 709 400 770 402.
422 701 531 783 οὕτως
552 700 589 771 τό
608 704 1021 789 ἐντροπαλιζομένην
1040 702 1096 771 διὰ
1117 713 1180 773 τοῦ
1200 733 1231 774 ν.
1256 711 1297 775 A.

330 810 414 897 [513.
448 818 590 885 νείκος
618 810 859 890 πληθυντικῶς
891 810 1036 872 νείκεα
1066 810 1103 874 αλ
1125 805 1355 896 Ἀριστάρχου.

329 1014 401 1076 530.
423 1006 632 1096 ὀτρύνων·
657 1003 766 1086 οὕτως
785 1002 996 1094 Ἀρίσταρχος
1018 1011 1080 1088 ἔξω
1102 1017 1165 1078 τοῦ
1187 1037 1202 1079 ε
1225 1010 1355 1100 ότρό-

242 1138 343 1199 νων,
364 1109 460 1181 άλλοι
482 1111 519 1179 δέ
541 1108 763 1199 ὀτρυνέων.
785 1112 825 1175 Β.
1347 1190 1351 1195 ⁵

325 1220 398 1280 535.
434 1209 541 1292 οὕτως
565 1209 777 1299 Ἀρίσταρχος
814 1214 1105 1297 ἐπανθέμεναι
1139 1211 1195 1279 διά
1229 1220 1292 1281 τοῦ
1323 1241 1355 1302 ν,

243 1309 317 1382 οἷον
339 1312 527 1384 άναθείναι.
561 1312 649 1396 τινές
670 1313 707 1383 δέ
727 1320 796 1383 τῶν
818 1311 901 1382 κατὰ
923 1314 1036 1393 πόλεις
1057 1310 1119 1380 ἐπ’
1143 1307 1197 1392 ἂν
1225 1318 1357 1402 θέμε-

242 1443 320 1484 ναι.
341 1420 382 1484 A.
414 1414 471 1485 ἐπ’
500 1411 556 1496 ἂν
584 1420 774 1503 θέμεναι·
809 1417 846 1483 ἐν
868 1412 958 1505 ἄλλω
980 1417 1275 1502 ἐπανθέμεναι.
1310 1422 1352 1486 A.

329 1523 402 1586 558.
433 1514 541 1599 οὕτως
559 1516 707 1606 Ἰλήϊον
727 1515 783 1586 διά
804 1524 866 1586 τοῦ
888 1527 908 1586 λ
929 1515 1003 1585 άντδ
1025 1521 1087 1583 τοῦ
1106 1511 1257 1586 Ἰλιακόν.
1279 1516 1297 1587 ὁ
1318 1522 1355 1589 δὲ

244 1619 377 1707 Κράτης
394 1616 562 1714 Ἰδή-ϊον,
586 1619 623 1689 τδ
641 1619 770 1688 Ἰδαῖον.
792 1623 849 1690 Α..

329 1728 401 1789 573.
425 1721 480 1790 διά
502 1728 564 1790 τοῦ
586 1749 607 1789 α
629 1722 833 1810 πάρδαλις
855 1719 945 1807 είχον
966 1722 1003 1786 αί
1016 1716 1244 1805 Ἀριστάρχου.
1268 1724 1309 1789 A.

329 1835 401 1894 575.
424 1830 479 1895 Ex
492 1826 620 1891 ABDV
640 1837 777 1915 apparet
797 1826 1019 1891 Zenodoteam
1038 1823 1211 1888 lectionem
1228 1826 1354 1889 reiecti-

242 1936 320 1999 tiam
353 1925 572 2014 κυνυλαγμόν
602 1951 622 1992 a
646 1929 791 2015 Didymo
822 1927 1001 1993 secundum
1027 1925 1254 1991 Aristarchum
1281 1950 1354 2013 pro-

243 2033 396 2118 scriptam
431 2052 512 2095 esse.
553 2029 630 2094 Vid.
668 2030 845 2095 Aristonic.
879 2052 912 2115 p.
937 2031 1009 2092 316.
1036 2065 1080 2077 —-
1104 2027 1158 2092 W.
1190 2025 1353 2093 Ribbeck.

244 2140 383 2220 quaestt.
403 2131 526 2197 Zenod.
549 2155 582 2218 p.
601 2133 653 2194 23.

331 2232 416 2319 [576.
436 2233 471 2297 ολ
490 2227 554 2296 άπὸ
577 2234 646 2295 τῶν
668 2227 801 2297 πόλεων
823 2225 1039 2315 φθάμενός
1061 2251 1135 2306 τις.
1158 2228 1213 2319 V.]

328 2338 400 2400 586.
433 2329 580 2419 άνέρες
598 2331 727 2416 είμέν·
763 2330 800 2396 ἐν
822 2342 893 2409 ταλς
913 2334 1064 2397 πλείοσιν
1084 2325 1192 2409 οὕτως
1215 2331 1353 2416 ἐφέρετο

242 2431 396 2520 ἄνδρες
419 2437 604 2519 ἔνειμεν·
638 2435 693 2500 καὶ
712 2430 839 2518 μήποτε
859 2427 900 2498 οὐ
923 2438 1042 2511 καλῶς.
1069 2434 1111 2499 A.
1154 2430 1293 2521 [άλλως
1316 2434 1354 2498 έν

242 2533 347 2627 άλλρι·
369 2532 522 2621 άνδρες
546 2537 723 2620 ἔνειμεν.
745 2535 803 2620 Α.)

329 2639 414 2726 [587.
451 2634 560 2716 οὕτως
585 2638 622 2702 αί
635 2631 853 2722 Ἀριστάρχου
876 2639 919 2701 οἳ
937 2636 1007 2702 καὶ
1029 2634 1206 2721 πρόσθε·
1231 2639 1268 2702 έν
1286 2655 1353 2703 τισι

243 2741 280 2807 δέ
304 2745 373 2807 τῶν
395 2739 608 2824 είκαιοτέρων
630 2739 669 2804 οἵ
688 2762 730 2804 κε
753 2735 924 2823 πρόσθε.
948 2739 1000 2827 Β.[

329 2843 413 2929 [600.
437 2837 546 2929 αὐτῷ
566 2835 642 2925 γάρ
663 2837 876 2924 ἑκάεργος·
900 2834 1008 2917 οὕτως
1020 2837 1241 2926 Ἀρίσταρχος,
1256 2835 1353 2909 άλλοι

242 2943 279 3010 δέ
303 2938 412 3030 αὐτῷ
431 2941 509 3028 γάρ
531 2939 563 3031 ρ’
591 2942 872 3031 ἑκάεργος.,Β.[

327 3049 399 3108 607.
430 3043 548 3121 πόλις
570 3038 601 3109 δ’
626 3045 826 3127 ἔμπλητο·
850 3038 940 3128 παρὰ
959 3039 1143 3132 Ἀντιμάχῳ
1164 3045 1220 3110 καὶ
1237 3037 1353 3133 Ῥιανῷ

242 3139 425 3212 τάλανθ’
449 3147 673 3229 ἔμπληντο.
695 3146 737 3211 A.
1419 3162 1434 3174 ’

330 3250 403 3312 611.
446 3242 633 3311 σάωσαν·
666 3240 876 3331 Ἀρίσταρχος
901 3241 1062 3325 εόκτικῶς
1090 3244 1248 3314 σαῶσαι
1276 3243 1352 3314 ἄντί

242 3353 304 3416 τοῦ
326 3346 498 3416 σαῶσειεν.
519 3347 561 3412 A.

771 3527 814 3599 X.

325 3658 355 3718 2.
378 3656 477 3736 διχῶς
497 3649 1134 3741 άνεψύχοντοκαλἀπεψύχοντο·
1157 3658 1352 3742 χαριεστέρα

243 3754 280 3821 δέ
301 3751 322 3840 ἡ
345 3753 401 3821 διά
424 3759 486 3820 τοῦ
506 3780 538 3820 ν.
559 3757 601 3822 A.
626 3757 678 3835 Cf.
698 3758 736 3821 B.

325 3860 375 3922 36.
398 3851 507 3934 οὕτως
523 3852 733 3942 Ἀρίσταρχος
754 3856 923 3944 ἑστήκει
944 3853 1028 3923 ἄνευ
1046 3863 1109 3923 τοῦ
1128 3884 1151 3923 ι.
1173 3859 1215 3923 A.

325 3960 376 4022 42.
407 3952 618 4043 Ἀρίσταρχος
636 3962 787 4024 ἔδοιεν.
808 3960 850 4024 A.
879 3960 982 4048 (τινὲς
1000 3962 1172 4027 έδοιντο
1195 3961 1351 4047 γράφου-

240 4076 296 4124 σιν
319 4054 490 4137 εόκτικῶς.
512 4060 568 4142 Β.)

326 4161 389 4247 [45.
412 4162 465 4226 ef.
489 4165 521 4226 Φ
537 4163 598 4224 454
621 4159 912 4243 τηλεδαπάων·
936 4158 1026 4240 τινές
1048 4161 1349 4248 θηλυτεράων,

240 4258 295 4326 διά
329 4258 366 4327 τό
395 4266 536 4346 Λῆμνον
565 4261 621 4326 καὶ
640 4254 778 4351 Ἴμβρον
811 4257 878 4329 ὑπό
911 4266 1062 4347 θηλειῶν
1090 4261 1349 4349 βασιλεύεσθαι·

239 4354 314 4424 ἀλλ’
337 4355 401 4426 οόκ
425 4366 471 4440 είς
493 4357 615 4439 ταύτας
636 4359 744 4446 μόνον
766 4367 971 4430 έπωλοῶντο.
992 4364 1046 4453 V.]
