2962 5018
236 397 298 459 286

235 563 312 625 licet
337 560 543 644 intellegeret
566 560 734 647 Apollonii
756 561 986 626 adnotamenta
1012 560 1054 624 ad
1076 560 1260 626 Aristarchi
1282 573 1349 627 stu·

237 662 292 726 dia
317 661 560 747 Aristophaneo
586 684 621 725 se
645 663 859 749 applicuisse,
888 663 923 725 in
943 663 1133 725 universum
1153 671 1263 726 tamen
1286 664 1348 728 hoc

188 769 190 773 ’
236 762 299 826 sibi
321 761 485 826 affirmare
504 784 602 848 posse
622 765 713 829 visus
729 773 787 845 est,
803 765 1034 849 cuiuscumque
1048 763 1112 826 ista
1127 774 1237 828 essent
1248 765 1348 851 Apol-

237 863 326 947 lonii,
350 885 370 926 a
388 861 583 949 Symmacho
607 865 645 951 (1)
670 887 709 928 ea
724 886 796 929 esse
809 872 958 929 tractata.
982 863 1232 949 ‘Aristophanis
1248 867 1348 929 etiam

235 965 389 1051 Byzantii
414 964 660 1029 observationes
685 964 728 1028 ad
754 966 981 1049 cognominem
1006 977 1136 1051 poetam
1162 972 1347 1049 spectantes

234 1068 431 1131 scholiorum
453 1073 637 1129 nostrorum
658 1065 845 1129 auctoribus
866 1086 925 1152 per
946 1066 1123 1152 discipulos
1140 1068 1282 1130 maxime
1298 1068 1346 1129 in·

235 1170 399 1232 notuisse'
418 1175 507 1231 recte
522 1167 566 1230 A.
584 1166 753 1231 Nauckius
768 1169 827 1232 Ar.
838 1167 921 1252 Byz.
938 1190 970 1254 p.
983 1170 1023 1230 65
1039 1188 1081 1232 ex
1096 1166 1196 1230 schol.
1211 1167 1344 1232 Thesm.

235 1275 296 1334 917
316 1268 490 1350 concludit,
511 1277 640 1354 poterat
662 1268 878 1333 confidentius
898 1269 1008 1333 dicere
1032 1291 1091 1355 per
1109 1267 1344 1351 Callistratum,

235 1392 299 1456 qno
319 1391 361 1433 ex
380 1369 609 1455 Aristophanis
628 1368 798 1456 discipulis
812 1391 918 1456 neque
933 1371 1089 1434 maiorem
1104 1369 1190 1433 ullus
1204 1370 1345 1455 gloriam

235 1481 349 1535 nactus
372 1480 422 1534 est
445 1492 550 1558 neque
573 1472 704 1557 saepius
728 1471 762 1533 in
784 1470 917 1535 scholiis
939 1471 1128 1536 advocatur.
1173 1471 1345 1556 intellegis

234 1574 320 1655 inde,
343 1573 422 1658 quid
443 1573 485 1634 sit
506 1573 594 1658 quod
614 1574 648 1635 in
667 1571 800 1635 schohis
821 1573 942 1637 nostris
964 1571 1040 1635 huic
1063 1573 1249 1638 Callistrato
1269 1574 1346 1636 Ari·

233 1675 411 1762 stophaneo
433 1673 628 1760 Apollonius
656 1674 701 1754 is,
736 1671 777 1736 de
810 1695 874 1759 quo
900 1672 996 1737 modo
1019 1673 1178 1759 diximus,
1212 1676 1345 1741 obviam

234 1775 327 1862 quasi
347 1774 495 1857 obsistat,
517 1781 553 1837 ut
574 1774 696 1838 factum
716 1785 766 1838 est
785 1775 819 1837 in
840 1774 953 1839 scholl.
974 1775 1017 1838 ad
1039 1776 1145 1840 Rann.
1171 1779 1243 1841 804.
1269 1780 1343 1841 849.

235 1879 327 1939 1125.
371 1876 519 1939 Alterum
541 1877 628 1940 enim
646 1876 845 1957 Aristarchi,
868 1876 1005 1940 alterum
1028 1879 1121 1941 iuxta
1143 1900 1215 1942 cum
1234 1876 1345 1941 Tima-

232 1978 330 2041 chida
351 1978 478 2043 Rhodio
500 1977 729 2063 Aristophanis
754 1981 932 2043 sententias
957 2001 996 2043 ac
1017 1988 1193 2066 praecepta
1214 2000 1345 2065 reprae-

235 2089 364 2143 sentare
385 2080 500 2143 merito
522 2077 657 2143 dixeris.

318 2181 389 2244 lam
407 2202 485 2246 vcro
498 2189 670 2267 postquam
681 2180 833 2263 vidimus,
853 2181 985 2267 quidde
1001 2183 1242 2247 commentariis
1260 2183 1344 2264 istis,

234 2307 314 2372 quos
342 2284 506 2371 plurativo
526 2302 661 2345 numero
682 2282 734 2345 usi
755 2282 878 2346 scholia
906 2279 946 2345 τὰ
968 2277 1191 2367 ὑπομνήματα
1212 2290 1343 2364 vocant,

233 2385 440 2451 statuendum
453 2394 547 2468 esset,
555 2385 703 2471 protinus
715 2382 757 2446 ad
768 2381 958 2447 solvendam
969 2388 1192 2471 quaestionem
1204 2384 1343 2448 alteram

232 2511 306 2553 cum
328 2490 438 2575 priore
458 2487 516 2553 illa
536 2496 625 2552 arcte
648 2489 853 2551 coniunctam
873 2508 932 2550 nos
957 2488 1183 2571 accingemus,
1212 2495 1286 2550 uter
1304 2481 1343 2549 τὸ

232 2584 415 2674 ὑπόμνημα
426 2590 660 2676 conscripsisse
672 2590 831 2671 videatur,
852 2587 1119 2673 Symmachusnc,
1142 2589 1196 2650 cui
1207 2586 1342 2651 Schnei-

232 2694 329 2758 derus
350 2717 381 2780 p.
400 2697 440 2756 57
458 2690 614 2772 vindicat,
637 2712 678 2754 an
693 2689 857 2776 Didymus
881 2690 934 2754 cui
956 2689 1043 2751 idern
1059 2687 1225 2753 abiudicat
1239 2712 1271 2775 p.
1293 2690 1342 2752 18.

231 2794 473 2858 Proficiscimur
505 2794 605 2878 igitur
637 2795 733 2857 etiam
767 2815 826 2856 nos
855 2815 875 2856 a
902 2789 1002 2855 schol.
1027 2789 1070 2853 ad
1095 2789 1181 2855 Plut.
1210 2792 1342 2853 1037.8

231 2896 456 2981 antiquissimo
478 2898 617 2978 τηλία·
640 2899 800 2961 κοσκίνου
821 2892 944 2968 κύκλος
967 2885 1099 2974 ἢσανὶς
1113 2899 1260 2975 πλατεῖα,
1283 2893 1341 2974 ἐφ’

232 2984 271 3077 ἧς
291 2988 415 3076 ἄλφιτα
435 3000 602 3061 ποιοῦσιν.
626 2998 662 3062 ἐν
684 2997 721 3062 δὲ
743 3000 789 3084 τῷ
808 2991 1022 3080 ὑπομνήματι
1046 2989 1171 3071 οὕτως·
1194 2999 1295 3058 τοῦτο
1311 2997 1346 3058 τί

232 3098 323 3163 ἐστιν
345 3093 408 3163 οὐκ
429 3094 520 3183 οἶδα,
546 3094 597 3163 ὅτι
618 3094 654 3163 dl
681 3095 905 3182 συμβάλλεται
928 3096 965 3160 ἐν
987 3099 1127 3183 Μαρικᾷ
1148 3090 1343 3173 Εὐπόλιδος

232 3195 316 3263 οἶδα.
361 3194 458 3265 κᾶκεϊ
481 3195 544 3282 γὰρ
573 3194 854 3283 τὴνὙπεοβόλον
883 3197 1007 3282 μητέρα
1035 3201 1131 3284 τηλία
1159 3197 1278 3276 εἰκάζει
1301 3199 1343 3282 τῇ

231 3303 368 3387 πλατείᾳ
390 3302 511 3365 σανίδι.
547 3298 612 3365 κτὲ.
658 3300 926 3364 Hemsterhusius
954 3299 1035 3365 nihil
1057 3300 1147 3365 aliud
1170 3308 1344 3386 suppetere

231 3413 337 3485 ratus,
368 3425 465 3490 quam
487 3411 523 3466 ut
544 3402 585 3467 de
605 3402 791 3466 coniectura
812 3401 994 3466 remedium
1015 3411 1204 3484 arcesseret,
1225 3425 1257 3488 p.
1278 3404 1341 3464 214

230 3505 282 3569 ed.
307 3503 423 3569 Dindf.
450 3503 624 3589 legendum
646 3524 717 3566 esse
743 3503 944 3566 existimavit
962 3497 1013 3567 ὅτι
1036 3496 1070 3566 d’
1096 3498 1342 3586 ἀμφιβάλλεται

231 3610 418 3684 ‘ambianum
438 3618 535 3670 autem
557 3627 628 3682 esse,
649 3611 931 3685 siqnifieotionisque
950 3616 1164 3681 connoversae,
1181 3610 1237 3669 hoc
1251 3612 1341 3683 καίν’,

230 3704 428 3771 Schneidero
444 3707 613 3794 vapulans,
636 3708 702 3794 qui,
718 3728 791 3770 cum
806 3705 913 3770 locum
930 3727 995 3769 non
1009 3715 1076 3769 tam
1090 3706 1340 3788 medicamanu,

230 3827 327 3891 quam
355 3808 541 3894 interpretis
567 3809 716 3873 acumine
744 3806 893 3892 indigere
921 3806 984 3870 sibi
1005 3808 1235 3894 persuasisset,
1255 3831 1342 3873 com-

229 3909 379 3970 mentarii
400 3910 590 3995 scriptorem
608 3909 669 3973 hoo
691 3908 816 3973 dixisse
839 3909 952 3973 statuit
981 3914 1067 3974 ‘Scio
1087 3917 1182 3974 lactem
1207 3923 1342 3976 nostrum

227 4012 263 4070 ob
294 4028 392 4072 nocem
423 4013 542 4091 τηλία
568 4016 606 4074 ab
634 4019 794 4091 interprete
821 4014 977 4090 Eupolidis
1003 4031 1070 4074 cam
1097 4018 1189 4076 simili
1211 4018 1343 4092 ηιιοιίααι

229 4114 309 4171 iliius
333 4116 439 4173 comici
458 4117 521 4176 loco
546 4123 752 4192 comparatum
777 4120 868 4176 esse’.
911 4109 1036 4177 Vereor
1054 4133 1095 4175 ne
1116 4122 1232 4177 neuter
1255 4137 1343 4179 com-

227 4212 417 4273 mentatoris
448 4218 590 4274 mentem
618 4221 786 4277 assecutus
817 4213 869 4276 sit.
918 4212 1042 4297 Aperte
1074 4216 1160 4279 enim
1191 4215 1341 4282 scholion

226 4307 288 4373 hoo
313 4311 456 4374 omnium
475 4312 736 4397 antiquissimum
753 4323 833 4377 ante
854 4313 963 4377 oculos
986 4314 1100 4379 habuit
1117 4324 1231 4380 auctor
1253 4303 1340 4381 alius
