2962 5024
1214 384 1270 459 181

165 543 204 612 τά
230 541 294 629 ὄρη
321 547 394 621 ἴδας
429 544 518 627 λέγει
552 538 617 610 ἀιτδ
646 550 708 610 τοῦ
729 546 898 616 δύνασθαι
931 548 989 619 ἀπ’
1018 550 1132 620 αὐτοῖν
1164 559 1272 628 πάντα

165 649 318 733 (πλεῖστα
337 646 383 731 D)
407 648 572 728 καθορᾶν.
617 646 768 712 Eustath.
797 672 829 735 p
860 655 939 736 500,
961 660 1001 718 43
1029 656 1137 723 ἰστέον
1160 658 1240 759 δὲ”
1219 686 1273 728 οτι

165 743 248 813 κατὰ
269 748 424 830 Δίδυμον
433 740 505 828 Ἴδη
525 739 567 810 οὐ
589 746 697 830 μόνον
718 741 738 831 ἡ
763 753 907 837 nocuo,
930 703 1014 819 ἀλλά
1035 760 1103 821 πᾶν
1118 754 1213 845 ὅρος,
1237 764 1270 842 ἐξ

163 840 207 914 οὖ
231 847 272 914 τά
291 848 405 934 κύκλῳ
431 844 521 911 έστλν
542 848 644 932 ἰδεῖν,
672 842 717 925 ὡς
740 848 795 913 καὶ
814 843 972 940 Ἀχελῷος
1000 857 1068 920 τάν
1096 855 1190 944 ὕδωρ
1214 864 1270 929 καὶ

161 946 328 1027 Ὠκεανός.
372 947 516 1033 Hesyeh.
542 949 583 1012 λδ
590 971 650 1023 ας
681 945 769 1027 εἶδος
791 952 846 1015 καλ
868 948 978 1017 τάντα
999 949 1039 1018 τά
1060 951 1184 1042 ὑψηλά.

696 1116 726 1180 8.

245 1234 353 1299 Sohol.
380 1234 421 1298 V.
450 1235 625 1299 οδΚ428
654 1229 957 1316 ἀγκυλότοξοι·
985 1238 1040 1304 καὶ
1054 1246 1136 1360 τρῖς
1163 1246 1268 1329 φησὶν

161 1341 212 1423 (Π
218 1328 347 1419 287)
335 1330 372 1411 ός
394 1339 544 1453 Πμίονας
563 1323 646 1416 ἦγεν
666 1333 948 1419 λατοκορυστάς’,
970 1342 1002 1404 ελ
1020 1337 1066 1426 μὴ
1089 1337 1155 1425 ἄρα
1177 1367 1266 1428 περι-

159 1440 260 1516 δέξιοι
287 1426 388 1521 ἦσαν,
418 1430 464 1513 ὥς
484 1439 643 1517 Τεῦκρος.
685 1438 872 1520 Δίδυμος
897 1427 962 1502 οὖν
986 1439 1066 1520 τούς
1094 1441 1180 1532 τόξῳ
1210 1447 1266 1513 καὶ

157 1536 290 1625 ἀγκύλη
310 1540 506 1622 χρωμένους
524 1530 771 1618 ἀγκυλοτόξους
790 1541 934 1639 ελρηκεν.

697 1723 728 1784 9.

241 1840 353 1926 steph.
372 1839 454 1924 Byz.
480 1845 515 1920 7,
545 1841 563 1900 3
591 1837 635 1901 Μ.
659 1869 702 1896 =
724 1842 759 1921 5,
781 1841 818 1901 21
841 1835 1261 1928 111.”Δβιοι-Δίδν·

155 1967 228 2027 μος
249 1938 287 2006 δὲ
305 1937 455 2027 Θρᾴκιον
478 1940 579 2015 ἔθνος
601 1941 705 2022 φησίν
728 1940 760 2027 (2
781 1943 818 2003 Ν
837 1942 882 2026 6).

684 2127 732 2187 10.

238 2242 350 2329 Steph.
378 2244 425 2323 12,
448 2239 597 2304 8M.=
617 2246 646 2323 7,
670 2243 710 2306 37
732 2243 786 2307 W.
810 2237 936 2310 ἀπὸδὲ
957 2250 1019 2311 τοῦ
1043 2252 1263 2333 Καβακησσὸς

154 2345 342 2425 Δίδυμος
363 2347 467 2407 οἴεται
487 2336 570 2406 κατά
592 2336 768 2424 συγκοαὴν
789 2341 977 2429 Καβασσός.
1004 2344 1101 2424 πόλις
1121 2346 1221 2414 δὲ”
1176 2374 1260 2435 αντη

153 2449 216 2508 τοῦ
245 2439 473 2527 ’,Οθρυονέιος
507 2430 635 2521 περὶ
614 2465 653 2526 ης
683 2445 816 2526 βιβλιον
846 2439 928 2509 όλον
961 2446 1162 2530 συνέγραψε.
1207 2450 1260 2515 Of.

153 2553 324 2610 comment.
348 2543 451 2630 IIIp.
478 2545 526 2607 12.
568 2541 715 2606 Pertinet
729 2541 772 2606 ad
794 2546 830 2606 N
850 2546 922 2608 363.

683 2729 733 2790 11.

234 2842 1048 2929 Bekk.anecdd.1471‚19(Bachm.aneedd.1172,
1060 2848 1111 2933 10)
1125 2840 1178 2931 ἀφ
1188 2854 1259 2914 λα.

150 2966 239 3014 στα·
271 2943 312 3013 τά
339 2941 550 3030 ἀκροστόλια.
596 2938 864 3026 Ἀπολλόδωρος·
895 2938 913 3009 ὁ
941 2944 979 3009 δὲ
1003 2949 1195 3033 Δίδυμος
1221 2949 1259 3016 τδ

150 3048 204 3114 ἐπὶ
223 3053 282 3131 τῆς
303 3044 460 3131 πρύμνης
483 3049 529 3124 εἰς
551 3039 639 3121 ὕψος
659 3043 696 3109 έκ
719 3047 887 3108 κανονίοιν
909 3046 1061 3111 πλατέων
1080 3048 1259 3134 έτικεκαμ-

150 3151 264 3233 μένον.
306 3149 489 3213 Fluxorunt
517 3145 598 3210 haee
626 3167 643 3209 e
665 3144 832 3209 Pausania
852 3146 1007 3210 Atticisto
1033 3171 1084 3234 ap.
1107 3151 1258 3216 Eustath.

153 3254 250 3334 1039,
276 3255 316 3315 37
343 3248 486 3313 laudato.
509 3283 552 3298 -
579 3247 766 3331 Respicitur
794 3246 934 3311 fortasse
957 3247 1053 3313 Hom.
1078 3249 1117 3314 Il.
1142 3255 1171 3314 0
1196 3256 1257 3315 717

149 3345 324 3433 ἄφλαστον
346 3345 427 3433 μετὰ
448 3346 563 3433 χερσὶν
581 3347 676 3427 ἔχων.
713 3345 765 3410 Cf.
786 3345 887 3410 schol.
909 3348 952 3412 ad
973 3348 1005 3413 h.
1025 3348 1046 3412 l.
1071 3349 1154 3413 Poll.
1177 3350 1194 3412 1
1216 3354 1257 3414 90

148 3475 181 3537 p.
205 3453 241 3513 21
271 3450 380 3515 Bekk.
411 3449 511 3513 schol.
542 3447 584 3511 od
605 3444 715 3532 Apoll.
737 3444 842 3509 Rhod.
866 3447 883 3509 I
910 3450 1005 3530 1080,
1026 3447 1084 3512 ubi
1106 3447 1259 3513 laudatur

148 3551 344 3638 Apollonius
372 3547 409 3614 έν
433 3559 503 3624 ταῖς
530 3546 675 3628 λέξεσιν,
716 3555 757 3609 ot.
796 3567 839 3609 m.
866 3550 939 3629 161,
964 3548 1056 3633 (177)
1080 3549 1121 3610 42
1145 3547 1255 3612 Tzotz.

149 3650 230 3735 Lyo.
255 3652 296 3711 26
318 3671 350 3733 p.
377 3652 412 3709 11
433 3645 557 3711 Herod.
579 3646 644 3709 lex.
669 3669 701 3730 p.
724 3648 785 3709 604
808 3645 860 3709 od.
878 3645 952 3710 Frz.
973 3645 1047 3711 ooll.
1070 3644 1193 3711 Herod.
1206 3646 1255 3711 IV

152 3755 222 3815 114.
246 3747 391 3834 Hosyoh.
419 3740 650 3828 ἄφλαστον·
681 3741 718 3808 τό
748 3740 970 3827 ἀκροστόλιον
998 3737 1020 3828 ἦ
1044 3745 1166 3827 (Rank.
1191 3746 1257 3810 Ho-

148 3850 239 3938 syoh.
262 3874 295 3937 p.
321 3850 395 3934 135)
419 3843 456 3912 τό
480 3840 587 3928 ἀκρον
605 3847 664 3925 τῆς
686 3841 840 3928 πρύμνης
861 3838 1109 3927 ἀποτεταμένον
1132 3844 1161 3931 [2
1182 3845 1257 3910 έκι-

148 3947 369 4037 κεκαρμένον]
399 3949 445 4024 εἰς
462 3941 559 4023 ὕψος.

675 4046 724 4110 12.

233 4168 341 4236 Sohol.
368 4169 410 4233 ad
430 4166 469 4232 Π.
506 4167 537 4230 Τ
554 4166 592 4228 81
618 4166 700 4239 τοῖς
721 4162 791 4228 κέν
815 4185 876 4240 τις
900 4155 1098 4227 ἀκοόσαι·
1127 4156 1255 4246 δ’Δρί-

87 4356 94 4368 .
149 4269 469 4352 σταρχοςέλλείιτειν
481 4263 563 4349 φησὶ
575 4260 612 4329 τό
624 4257 714 4329 οὕτω
729 4257 916 4347 χριόμενος·
939 4257 976 4327 τὸ
987 4258 1053 4346 γάρ
1065 4260 1250 4350 λεγόμενον
