2948 5024
165 360 179 383 ’
210 404 268 463 ιιι

208 571 341 634 ταῦτα
360 562 589 651 λεγώμεθα.
636 571 883 651 Καλλίστρατος
900 567 938 636 δὲ
960 570 999 636 έν
1023 574 1069 661 τῷ
1089 596 1111 635 α
1130 572 1206 653 περὶ
1227 565 1325 638 Ἰλιά-

210 674 269 748 δος
300 662 409 747 οὕτως
441 669 659 754 προφέρεται·
695 673 839 755 μηκέτι
871 670 919 758 δή
950 677 1031 738 νῦν
1059 665 1163 739 αὖθι
1192 672 1325 757 λεγιό-

210 781 330 857 μεθα.
375 772 431 839 καὶ
462 775 554 838 ἐστιν
581 765 755 858 εόφραδής
781 779 928 859 μᾶλλον,
960 771 1037 842 ἀλλ’
1066 771 1130 843 οὐκ
1150 771 1325 859 Ἀριστάρ-

209 878 338 966 χ(ει)ος.
387 878 501 941 Ταῦτα
522 869 547 940 δ
564 875 728 961 Δίδυμος.
746 880 788 944 Α.
822 879 910 943 vid.
935 878 1108 966 Pluygers.
1131 902 1163 966 p.
1189 884 1237 943 11.

294 982 328 1045 Γ
346 982 384 1043 10
416 977 485 1043 Διὰ
512 980 575 1043 τοῦ
598 999 614 1043 ε
635 978 673 1043 αἱ
690 973 909 1064 Ἀριστάρχου
933 976 971 1046 τό
1002 970 1097 1047 τότε
1118 979 1174 1047 καλ
1193 977 1231 1046 τὸ
1255 979 1326 1046 ἑτέ-

210 1087 303 1165 ρωθί
321 1103 389 1146 που
410 1077 596 1165 λεγόμενον
618 1085 684 1170 *τῷ
705 1076 739 1146 δ’
763 1072 840 1149 εὖτε
861 1078 966 1166 πτερά
988 1085 1136 1167 γίνεται’
1166 1087 1215 1171 (T
1233 1085 1323 1166 386),

209 1180 285 1251 ἀντὶ
303 1186 382 1248 τοῦ·
407 1176 453 1260 ὡς
475 1178 580 1265 πτερά
600 1182 728 1267 έγίνετο
748 1183 878 1268 ἐλαφρά
900 1181 940 1250 τά
962 1189 1025 1250 τοῦ
1036 1179 1223 1270 Ἡφαίστου
1237 1180 1325 1251 όπλα

138 1291 143 1298 ’
212 1291 259 1376 τῷ
278 1281 429 1371 Ἀχιλλεῖ.
466 1284 504 1349 έν
524 1285 628 1363 ἐνίαις
657 1286 693 1352 δὲ
716 1289 784 1351 τοῖν
807 1283 978 1352 έκδόσεων
1004 1290 1045 1374 τῇ
1066 1310 1102 1352 τε
1124 1290 1188 1374 Χία
1208 1285 1263 1351 καλ
1284 1291 1325 1373 τῇ

210 1391 476 1476 Μασσαλιωτική
496 1396 553 1454 καί
564 1408 654 1455 τισιν
665 1383 781 1465 άλλαις
798 1387 835 1453 ἐκ
852 1384 1002 1472 πλήρους
1019 1388 1202 1472 ἔγέγραπτο
1225 1377 1325 1472 *ηότε

92 1501 94 1503 ’
205 1485 311 1574 χόρευς
331 1493 523 1578 κορυφήσι’
546 1485 636 1573 παρὰ
657 1486 695 1555 τό
716 1484 838 1567 εἰωθός
855 1483 998 1577 Ὁμήρφ.
1031 1489 1068 1555 ἐκ
1088 1488 1241 1576 πλήρους
1261 1486 1326 1575 γάρ

210 1587 293 1678 παρ’
312 1591 434 1659 ἕκαστα
456 1590 602 1676 γράφειν
620 1586 755 1676 ὄρεος.
801 1592 877 1657 ficol
895 1588 933 1656 δὲ
951 1594 985 1655 οἳ
1006 1594 1060 1656 καὶ
1083 1589 1202 1674 ἑτέρως
1218 1585 1326 1656 ἀκοά-

211 1711 288 1761 ουσι
317 1691 355 1761 τό
377 1684 471 1761 εὖτε
492 1688 567 1759 ἀντὶ
588 1696 650 1758 τοῦ
671 1686 691 1757 ό
698 1715 756 1776 τε,
780 1690 936 1774 καθάπερ
959 1692 1014 1758 καὶ
1035 1694 1073 1759 έν
1093 1690 1208 1771 ἀλλοις
1231 1682 1326 1759 ἐὖτε

210 1793 276 1882 γάρ
294 1791 406 1895 ήέλιος
423 1796 582 1881 φαέθων’
607 1796 662 1882 (ll.
675 1801 705 1861 Λ
719 1799 795 1879 735)
822 1796 878 1862 καλ
903 1786 995 1861 (εὖτ’
1021 1791 1127 1882 ἀστήρ
1144 1791 1325 1881 ὑπερέσχε’

212 1900 291 1988 (Οδ.
324 1924 346 1965 v
378 1900 446 1984 93).
503 1894 724 1982 Λαμβάνουσι
756 1894 794 1962 δὲ
826 1891 895 1963 ὑπὸ
928 1903 1009 1984 μίαν
1041 1893 1255 1984 περιγραφήν
1288 1894 1326 1962 τό

213 1996 305 2067 ὅλον.
340 1990 433 2065 ἐὖτ’
458 1995 556 2084 όρεος
579 2003 749 2087 κορυφῇσι
770 1999 870 2078 νότος
888 2002 1066 2084 κατέχευεν
1088 1997 1228 2086 ὁμίχλην
1251 2024 1328 2067 ποι-

212 2105 309 2189 μέσιν
330 2096 412 2168 οὔτε
431 2106 547 2187 φίλην,
566 2102 691 2188 κλέπτη
714 2102 754 2167 δέ
771 2126 806 2168 τε
830 2099 953 2181 νυκτός
974 2098 1112 2188 ἀμείνω,
1132 2101 1257 2169 τόσσον
1277 2110 1327 2182 τίς

212 2202 245 2272 τ’
270 2203 477 2291 έπιλεόσσει,
508 2199 592 2271 ὅσον
619 2204 673 2270 έπλ
695 2209 781 2271 λᾶαν
807 2207 928 2289 ἵησιν)
972 2200 1074 2272 όπότε
1096 2199 1115 2272 ὁ
1136 2202 1234 2285 νότος
1256 2217 1328 2286 ταῖς

212 2312 275 2375 τοῦ
299 2305 402 2393 ὅρους
429 2319 596 2393 κορυφαῖς
623 2308 779 2392 κατέχεεν
809 2301 949 2392 ὁμίχλην
983 2319 1052 2386 τοῖς
1085 2305 1148 2393 μὲν
1172 2311 1327 2393 ποιμέσιν

214 2404 256 2476 οό
280 2414 452 2496 προσφιλῆ
473 2414 520 2500 τῷ
540 2407 577 2476 δὲ
596 2410 721 2496 κλέπτῃ
744 2404 869 2486 νυκτός
890 2413 1081 2493 κρείσσονα,
1101 2407 1176 2476 τότε
1197 2409 1250 2476 έπλ
1269 2434 1327 2476 το-
1366 2462 1370 2479 .

212 2517 338 2580 σοῦτον
366 2511 511 2579 δύναταί
528 2537 578 2590 τις
599 2515 754 2597 βλέπειν,
783 2506 867 2578 ὅσον
893 2512 963 2577 έστλ
990 2517 1093 2578 λίθου
1111 2519 1220 2600 ’βολῆς
1250 2512 1326 2579 διά-

213 2634 332 2704 στημα.
369 2612 528 2702 Ἀμεινον
550 2613 587 2682 δὲ
612 2611 650 2681 τό
673 2613 852 2701 πρότερον.
899 2618 955 2702 Τῷ
979 2611 1044 2698 γάρ
1066 2609 1203 2699 ὥσπερ
1223 2612 1327 2682 ἀντα-

213 2722 388 2787 ποδίδοται
417 2717 473 2785 τό·
512 2713 564 2798 τός
593 2714 670 2802 ἀρα
704 2722 785 2784 τῶν
817 2712 898 2783 ὑπὸ
934 2717 1057 2782 ποσσὶ
1093 2723 1326 2796 κονίσαλος.

218 2825 332 2888 Ταῦτα
354 2816 372 2888 ὁ
395 2824 556 2907 Δίδυμος.
579 2824 621 2887 Α.

299 2929 376 2990 271
396 2920 608 3007 Ἀρίσταρχος
622 2926 882 3007 τεθνηότας,
902 2916 920 2986 ό
937 2920 973 2986 δὲ
984 2917 1188 3006 Ζηνόδοτος·
1214 2923 1329 3006 Τρό-

215 3020 499 3110 ων’ἀμπέδιον
520 3022 761 3109 συλήσομεν
782 3027 902 3090 έντεα
920 3030 1091 3106 νεκρῶν.
1125 3019 1329 3111 Ἀθηνοκλέ-

215 3151 277 3206 ονς
303 3128 341 3194 δέ
368 3125 406 3191 έν
431 3129 478 3214 τῷ
506 3122 581 3208 περὶ
596 3121 746 3210 Ὁμήρου
778 3124 1090 3210 παρατηρήσαντος,
1119 3124 1170 3193 ὅτι
1196 3135 1243 3216 τῷ
1265 3130 1328 3214 μὲν

216 3226 352 3317 καμάτῳ
371 3226 426 3293 καὶ
447 3223 569 3293 ἑαυτὸν
593 3222 611 3292 ό
633 3227 773 3311 Νέστωρ
796 3225 999 3314 ὑποβάλλει,
1025 3230 1133 3313 λέγων
1153 3235 1329 3295 κτείνω·

215 3353 305 3416 μεν,
335 3326 372 3395 τδ
400 3329 437 3395 δὲ
465 3329 583 3411 κέρδος
611 3329 701 3394 ίδιον
727 3342 869 3397 ποιεῖται
900 3335 969 3396 των
992 3335 1204 3417 στρατιωτῶν
1224 3331 1262 3396 έν
1283 3335 1330 3421 τῷ

215 3429 441 3517 συλήσετε,
474 3426 493 3498 ό
517 3437 635 3517 Χαῖρις
652 3427 835 3518 Ὁμηρικόν
855 3427 942 3499 εἷναί
961 3450 1045 3518 φησι
1066 3430 1128 3500 τόν
1146 3437 1205 3517 της
1227 3431 1330 3517 ἑρμη-

218 3538 308 3613 νείας
337 3536 546 3619 χαρακτῆρα,
577 3530 623 3613 ὥς
654 3535 692 3601 έν
721 3535 855 3614 τούτοις
884 3532 997 3603 (ἄλλοι
1028 3535 1090 3621 μὲν
1111 3575 1154 3586 -
1172 3534 1328 3612 ἕκαστος’

217 3642 262 3727 (Ε
273 3639 367 3724 878)·
390 3639 458 3704 ἔδει
478 3635 543 3722 γάρ
566 3638 757 3723 δέδμηνται,
781 3633 827 3716 ὡς
844 3641 1021 3704 πείθονται
1036 3630 1057 3722 ἢ
1074 3633 1253 3704 ἀνάπαλιν.
1275 3637 1329 3703 καλ

217 3736 320 3805 πάλιν
344 3733 441 3805 ’ἀλλ’
464 3733 563 3824 ἄγεθ’
586 3779 630 3792 —·
649 3737 791 3818 πάντες’
816 3743 945 3828 (3139)
968 3743 1054 3806 ’νῦν
1075 3739 1137 3826 μέν
1161 3779 1206 3792 —-
1227 3758 1330 3823 στρα-

217 3839 294 3906 τόν’
323 3843 373 3928 (Σ
392 3843 468 3927 298)
497 3841 552 3906 καλ
574 3837 737 3926 ἀλλαχοῦ·
785 3835 866 3907 οὐδὲ
885 3840 949 3926 γὰρ
972 3837 1082 3921 ἄλλως
1103 3837 1238 3927 ἀκμάζει
1263 3843 1331 3904 Νέ-

218 3960 318 4026 στωρ,
340 3937 416 4009 ἀλλ’
437 3938 503 4009 ὑπό
527 3940 640 4029 γήρως
659 3946 771 4010 ἔοικεν
792 3938 1020 4027 ἀπειρηκέναι.
1048 3947 1161 4009 Ταῦτα
1184 3938 1202 4007 ὁ
1222 3943 1332 4008 Δίδυ-

217 4066 286 4128 μος.
331 4047 373 4111 A.

303 4150 340 4211 H
361 4149 420 4211 135
444 4142 514 4213 Φεά
537 4145 575 4211 δὲ
594 4143 690 4224 πόλις
710 4149 769 4230 τῆς
783 4145 932 4229 Ἤλιδος,
955 4148 991 4211 οἱ
1009 4142 1045 4210 δὲ
1067 4150 1126 4231 τῆς
1147 4140 1331 4229 Ἀρκαδίας,

218 4242 299 4330 παρ’
324 4241 368 4332 ἣν
389 4241 407 4313 δ
429 4242 600 4332 Ἰάρδανος
619 4250 679 4333 ῥεῖ.
721 4244 805 4316 ἀλλὰ
827 4241 923 4332 καλή
946 4245 1032 4313 Φειά
1054 4243 1330 4330 παραθαλάσσιός

218 4349 287 4414 έστι
308 4350 363 4416 καλ
378 4345 548 4434 Ἰάρδανος
569 4344 631 4432 οὐχ
650 4345 768 4436 δρᾶται
791 4347 939 4435 ποταμός
953 4344 1087 4416 αὐτόθι.
1108 4345 1249 4434 ἄμεινον
1265 4338 1330 4412 οδν
