2932 5002
1175 389 1232 450 391

124 547 248 611 fontem
269 543 373 607 fuisse
392 563 458 607 non
478 542 549 605 sine
570 542 715 605 maxima
734 544 805 607 veri
821 547 930 630 specie
944 549 1131 632 suspiceris.
1166 553 1234 618 Me-

124 671 197 713 cum
209 646 288 710 facit
299 642 533 728 Bernhardyus
546 643 581 706 in
593 641 736 707 Grundr.
749 644 781 708 d.
790 644 848 710 Gr.
861 645 926 710 Lit.
939 647 975 710 II
985 670 1017 733 p.
1031 653 1105 716 455.
1124 652 1234 741 Atque

124 772 193 814 rem
215 749 262 812 ita
280 770 316 812 se
336 742 458 809 babere
478 743 549 807 iure
571 743 755 828 colligimus
776 767 819 810 ex
840 745 973 811 Orionis
992 751 1234 840 etymologique

125 851 235 935 magni
253 869 327 912 cum
351 844 467 909 Proclo
489 866 649 908 consensu
672 846 707 909 in
729 846 933 932 explicandis
961 850 1059 914 etiam
1081 853 1156 917 aliis
1175 857 1231 937 με’-

125 957 194 1014 λεσι
221 947 406 1014 observato.
451 944 515 1008 Hic
549 945 620 1030 ipse
648 946 756 1011 Procli
790 970 864 1012 cum
899 948 1022 1016 Orione
1056 973 1235 1019 consensus

124 1049 356 1136 impedimento
389 1046 468 1111 mihi
501 1068 573 1110 esse
605 1047 735 1111 videtur
742 1095 751 1128 ,
786 1050 958 1134 quominus
997 1073 1071 1115 cum
1102 1053 1235 1120 Valesio

123 1147 340 1216 Boissonadio
373 1147 507 1231 Osanno
535 1157 567 1211 et
594 1147 772 1213 Wclckero
800 1150 835 1212 in
864 1151 945 1235 epic.
976 1151 1059 1236 cycl.
1082 1177 1114 1239 p.
1139 1159 1157 1217 7
1180 1177 1234 1219 au-

123 1263 245 1316 ctorem
273 1247 544 1314 chrestomatbiac
572 1248 772 1334 Eutychium
799 1250 951 1315 Proclum
974 1250 1150 1319 Siccensen
1172 1264 1235 1319 sta-

123 1365 229 1433 tuam,
253 1351 360 1438 quode
382 1350 424 1415 cf.
441 1348 504 1412 lul.
523 1348 664 1435 Capitol.
685 1351 719 1413 in
734 1350 892 1416 Antonin.
916 1355 977 1415 c.2
996 1353 1138 1419 Trebell.
1151 1356 1233 1421 Poll.

122 1455 155 1517 in
186 1451 305 1517 Aemil.
337 1458 400 1537 tyr.
435 1449 608 1537 (Casaub.)
648 1449 779 1536 Apulei.
816 1452 856 1516 de
887 1452 970 1517 orth.
1005 1457 1038 1532 §.
1066 1458 1106 1520 43
1135 1456 1234 1522 Alex.

121 1555 270 1643 Aphrod.
294 1552 337 1617 ad
359 1551 463 1615 Arist.
487 1550 579 1636 soph.
604 1550 728 1615 elench.
751 1575 783 1638 p.
806 1557 836 1634 4,
861 1558 880 1618 6
910 1553 1041 1622 Fabric.
1070 1558 1150 1624 bibl.
1174 1562 1233 1627 Gr.

122 1659 175 1723 IX
198 1678 230 1741 p.
255 1658 316 1718 365
346 1652 397 1717 ed.
427 1650 557 1715 Harles.
601 1651 760 1717 Proculus
784 1653 946 1719 Siccensis
976 1668 1046 1722 erat
1067 1660 1102 1723 in
1123 1660 1234 1726 latinis

121 1755 354 1844 grammaticis.
399 1751 616 1839 Etymologus
637 1753 739 1835 enim,
764 1775 958 1842 quamquam
980 1779 1012 1842 p.
1034 1762 1106 1842 327,
1128 1763 1168 1825 38
1192 1763 1234 1826 ad

121 1857 231 1923 Procli
258 1853 543 1920 chrestomathiam
569 1874 748 1939 provocare
767 1854 906 1937 videtur,
928 1862 1128 1946 tamen'ipse
1148 1860 1235 1927 hunc

122 1959 240 2024 librum
267 1978 332 2021 non
359 1955 544 2042 inspexisse
571 1953 736 2041 putandus
766 1964 828 2051 est,
862 1957 920 2022 sed
942 1958 1051 2024 Photii
1079 1971 1235 2047 excerpta

108 2057 345 2144 ,transscripsit
366 2079 398 2142 p.
414 2059 475 2119 319
497 2058 548 2119 a8
565 2078 647 2142 sqq,
667 2063 704 2118 ut
726 2078 938 2144 quaecunque
957 2060 1045 2146 apud
1066 2063 1172 2147 ipsum
1192 2064 1234 2129 de

121 2162 222 2227 variis
251 2157 430 2225 carminum
458 2155 635 2241 generibus
665 2157 819 2242 leguntur
849 2180 922 2221 eum
950 2181 1015 2224 non
1039 2162 1154 2227 Proclo
1175 2163 1233 2228 sed

120 2263 254 2328 Orionis
279 2257 428 2324 Thebani
456 2258 559 2342 copiis
589 2257 709 2322 debere
736 2268 902 2345 appareat.
947 2262 993 2323 At
1015 2262 1167 2328 Proclum
1191 2262 1233 2327 ab

122 2363 235 2428 eodem
257 2359 379 2424 Orione
400 2366 504 2422 totum
524 2358 668 2442 pendere
691 2357 868 2423 absurdum
891 2370 978 2424 esset
997 2355 1157 2427 statuere:
1177 2385 1233 2449 po·

120 2472 206 2530 terat
233 2461 320 2524 enim
346 2458 470 2544 Lycius
496 2455 708 2543 philosophus
733 2459 820 2523 haud
848 2458 962 2541 dubie,
991 2483 1087 2547 quern
1113 2461 1233 2526 librum

121 2566 201 2631 Orio
232 2562 389 2646 magister
420 2557 490 2621 eius
518 2557 717 2642 inspexerat,
745 2580 784 2623 eo
812 2568 844 2623 et
871 2561 942 2647 ipsc
971 2562 1035 2643 uti,
1069 2564 1232 2649 excerptis

121 2666 273 2733 Orioneis
308 2668 480 2726 contentus
514 2680 587 2722 esse
614 2681 681 2723 non
713 2670 856 2745 poterat,
895 2683 969 2725 cum
1006 2660 1050 2725 ad
1083 2665 1233 2748 magistri

122 2766 293 2835 consilium
333 2758 517 2846 veriloquis
558 2761 779 2827 tantummodo
820 2763 1000 2826 carminum
1033 2784 1053 2825 a
1087 2762 1233 2850 Didymo

121 2876 278 2954 congesta
294 2871 488 2951 spectarent,
505 2863 609 2948 ipsius
628 2883 707 2925 vero
725 2862 870 2929 laborem
884 2863 1011 2950 reliqua
1026 2866 1133 2947 otiam,
1149 2887 1233 2952 quae

121 2972 347 3056 disputaverat
368 2963 542 3051 Didymus,
566 2964 715 3049 proxime
737 2965 946 3050 attingerent.
978 2967 1094 3051 Itaque
1116 2986 1159 3029 ex
1180 2987 1232 3030 eo-

122 3076 195 3140 dem
218 3071 308 3138 fonte
329 3066 441 3130 hausit
460 3073 612 3151 uterque:
636 3087 700 3152 quo
722 3065 863 3131 efficitur
884 3075 921 3131 ut
941 3088 1024 3154 quae
1049 3069 1234 3130 communia

122 3178 187 3239 sint
214 3171 343 3257 utrique
372 3175 467 3231 etet.
491 3190 533 3230 m.
566 3176 717 3232 enostro
748 3165 917 3248 fluxerint,
946 3167 1092 3253 adeoque
1115 3167 1232 3232 lacuna
1332 3169 1337 3175 ’

121 3273 229 3341 Procl.
252 3294 284 3359 p.
307 3271 380 3351 321,
403 3270 423 3330 2
442 3266 517 3332 coll.
538 3270 640 3349 320,1
668 3290 710 3332 ex
729 3267 914 3354 etymologo
933 3271 1004 3349 311,
1021 3271 1060 3331 25
1084 3265 1232 3352 ἐγκώμια

121 3374 266 3464 suppleri
292 3371 426 3458 possit.¹
457 3369 612 3457 Suspicor
645 3371 747 3456 igitur
778 3368 914 3455 Didymi
948 3368 1050 3432 verba
1082 3370 1232 3434 exaudiri

120 3503 172 3566 ap.
195 3474 301 3541 Procl.
321 3474 383 3536 320
405 3495 426 3536 a
447 3474 487 3534 25
510 3493 559 3558 sq.
583 3470 672 3558 (coll.
696 3480 738 3535 et.
761 3494 803 3535 m.
826 3473 899 3553 274,
915 3471 970 3555 46)
992 3471 1054 3534 320
1070 3491 1090 3532 a
1112 3471 1152 3531 33
1174 3469 1231 3554 (et.
1318 3514 1321 3520 -

121 3604 163 3644 m.
186 3582 259 3658 607,
279 3575 374 3659 1-4)
400 3575 458 3637 321
482 3596 503 3637 a
524 3575 564 3637 26
590 3576 646 3659 (et.
662 3595 704 3635 m.
722 3575 794 3652 776,
811 3572 865 3656 36)
890 3572 948 3634 321
971 3592 991 3632 a
1011 3571 1051 3633 28
1075 3571 1231 3654 (713,13)

122 3681 179 3743 321
211 3697 231 3739 a
256 3676 296 3736 30
326 3682 383 3759 let.
405 3695 448 3735 m.
470 3676 549 3753 454,
573 3677 613 3736 50
643 3671 735 3736 Serv.
757 3672 857 3755 Verg.
882 3669 1078 3754 estvm).
1123 3669 1232 3750 Quod·

122 3780 149 3845 si
173 3800 193 3842 a
214 3796 293 3841 vero
314 3795 380 3838 non
402 3771 574 3855 abhorret,
605 3771 665 3836 hos
686 3770 796 3837 Procli
822 3770 923 3835 libros
946 3794 988 3835 ex
1010 3769 1119 3857 aliqua
1140 3780 1232 3857 parte

120 3878 259 3965 Didymi
281 3874 375 3963 quasi
397 3874 560 3960 epitomen
587 3896 674 3955 esse,
701 3871 829 3955 licebit,
858 3873 989 3958 opinor,
1018 3895 1061 3937 ex
1079 3872 1130 3936 his
1151 3874 1232 3960 ipsis

121 3979 291 4067 augurari,
317 3977 475 4064 Didymei
504 3976 612 4065 operis
646 3975 742 4063 quale
774 3974 906 4038 tandem
931 3973 1030 4038 fuerit
1049 3974 1232 4059 consilium,

121 4086 177 4173 qui
198 4080 351 4162 ambitus,
372 4102 456 4168 quae
471 4078 643 4165 dispositio
657 4077 940 4165 pertractandique
954 4076 1122 4141 materiem
1137 4078 1231 4143 ratio.

122 4183 260 4270 Singula
287 4184 389 4268 igitur
417 4181 598 4246 carminum
625 4201 748 4264 genera
775 4186 970 4242 tractaturus
992 4177 1076 4241 hanc
1098 4177 1162 4242 sibi
1184 4179 1231 4243 vi·

123 4288 216 4352 detur
248 4286 355 4372 legem
384 4285 553 4366 statuisse,
583 4292 620 4348 ut
646 4281 786 4371 primum
814 4281 866 4348 cui
894 4282 1003 4348 officio
1034 4280 1230 4370 praestando
