2962 5024
1184 430 1245 490 229

659 582 793 648 334
924 563 926 566 ⁴

216 699 311 763 Nem.
334 705 365 762 A
387 701 485 764 inser.
510 699 692 783 γέγραπται
716 698 734 767 ὁ
758 703 906 783 ἕπίυικος
927 711 1064 795 Χρομίῳ
1088 710 1245 796 Αἰτναίῳ.

129 789 242 883 Ἱέρων
264 797 328 881 γάρ
346 793 493 882 οἰκιστής
512 794 586 864 άντλ
609 796 781 883 τυράννου
799 799 1006 886 βουλόμενος
1026 801 1112 870 εἶναι
1133 805 1246 870 Κατά-

136 926 200 985 νην
222 899 344 978 ἐξελών
358 905 487 985 Αἰτυην
505 896 720 985 μετωνόμασε
742 898 804 987 τήν
823 901 934 989 πόλιν,
957 903 1079 972 ἑαυτὸν
1095 903 1247 990 οἰκιστήν

136 999 422 1086 προσαγορεύσας,
446 1002 497 1067 καὶ
518 1003 556 1067 ἐν
577 1014 648 1081 ταῖς
668 999 894 1089 άναρρήσεσιν
916 1009 954 1071 ἔν
974 1025 1040 1073 τισι
1067 1017 1135 1073 τῶν
1155 1003 1247 1091 άχοό-

135 1129 206 1170 νων
225 1106 384 1169 Αἰτναῖον
403 1099 527 1170 ἕαυτόν
548 1099 627 1170 εἷπε.
664 1101 789 1171 ταύτόν
809 1107 857 1190 δέ,
880 1107 985 1191 φησίν
1005 1103 1023 1174 ὁ
1040 1111 1246 1193 Δίδυμος,

136 1200 223 1282 εἰκός
251 1212 375 1271 παθεῖν
402 1204 457 1269 καλ
483 1203 544 1271 τόν
573 1202 725 1289 Χρόμιον
756 1207 875 1296 ἑταίρῳ
908 1208 1116 1294 κεχρημένον
1143 1205 1245 1296 αὐτῷ.

219 1308 372 1372 Fortasse
412 1306 539 1372 Timaei
578 1310 675 1373 etiam
718 1312 874 1376 memoria
911 1312 1056 1400 Didymo
1096 1312 1245 1377 debetur.

133 1410 265 1495 Dignus
288 1418 353 1491 est,
378 1411 434 1496 qui
455 1411 648 1496 inspiciatur
667 1409 800 1476 Dissen.
823 1414 912 1500 expl.
933 1413 1029 1479 Pind.
1049 1436 1080 1499 p.
1108 1415 1169 1477 384
1196 1433 1244 1498 sq.

135 1511 185 1575 ed.
210 1510 358 1576 Boeekh.
562 1507 571 1518 ’

218 1726 300 1791 ibid.
324 1732 343 1789 7
380 1721 516 1810 Ζηνὸς
541 1728 753 1794 Αἰτναίου
780 1730 924 1816 χάριν·
946 1772 989 1782 —-
1008 1727 1159 1797 πιθανόν
1181 1721 1247 1796 οὖν

53 1839 57 1847 ’
134 1845 240 1912 φησιν
272 1822 290 1892 ό
323 1828 515 1913 Δίδυμος
547 1827 603 1893 καλ
635 1827 696 1896 τόν
723 1831 778 1896 ἐπλ
805 1837 864 1916 τῆς
892 1836 1044 1917 Χρομίου
1070 1837 1247 1917 Νεμεακῆς

133 1933 228 2012 νίκης
256 1929 410 1994 ἐπίνικον
438 1928 537 1994 ἕνεκα
562 1927 687 1996 τούτου
707 1932 947 2019 συντετάχθαι,
978 1929 1065 2019 ὑπὲρ
1085 1937 1149 2000 τοῦ
1164 1933 1246 2017 μίλ-

133 2037 206 2097 λειν
224 2026 329 2096 αὐτόν
349 2024 436 2114 ὑπὲρ
460 2035 517 2114 τῆς
537 2030 758 2118 πανηγύρεως
780 2031 1004 2122 ᾇσθήσεσθαι.

657 2206 708 2267 35.

216 2320 297 2385 ibid.
320 2321 361 2384 36
396 2319 537 2403 τέχναι
572 2317 604 2384 δ’
639 2317 789 2403 ἑτέρων
823 2322 978 2406 ἕτεραι·
1002 2363 1045 2373 —-
1070 2316 1090 2405 ῆ
1117 2322 1244 2406 τέχνας,

133 2420 237 2515 φησίν
263 2415 282 2485 ὁ
305 2421 510 2502 Δίδυμος,
541 2412 728 2486 ἀκουστέον
748 2419 830 2499 τούς
852 2419 991 2506 δόλους,
1024 2417 1110 2489 ὅθεν
1132 2421 1187 2487 καὶ
1208 2419 1244 2488 τό

134 2518 279 2607 ἀτεχνῶς
301 2516 390 2607 παρά
413 2531 483 2596 τοῖς
502 2512 677 2598 Ἀττικοῖς·
703 2517 800 2589 άλλαι
822 2517 856 2587 δ’
879 2516 992 2588 ἄλλων
1010 2521 1244 2606 ἐπιτεχνήσεις.

135 2631 262 2709 εἰρηται
284 2622 320 2690 δλ
343 2619 433 2706 παρά
456 2615 493 2687 τό
510 2616 659 2706 Ὁμήρου
682 2627 733 2710 (Ν
753 2624 847 2705 730)-

261 2723 352 2815 άλλῳ
371 2725 434 2812 μὲν
455 2721 521 2811 γάρ
544 2727 649 2792 ἔδωκε
669 2720 752 2801 θεὸς
774 2721 937 2808 πολεμήϊα
959 2725 1050 2807 ἔργα.
1178 2788 1179 2793 ,

665 2896 717 2959 36.

216 3015 309 3081 Nem.
335 3019 363 3080 Β
382 3017 420 3077 19
436 3037 468 3101 p.
484 3016 547 3078 438
569 3015 722 3096 ζητεῖται,
741 3006 798 3076 διὰ
820 3012 854 3074 τί
873 3005 996 3093 δήποτε
1017 3007 1058 3077 τά
1077 3011 1155 3097 περὶ
1173 3020 1244 3080 Σα-

132 3121 255 3201 λαμῖνα
278 3119 324 3194 εἰς
342 3112 422 3193 τούς
444 3115 521 3201 περλ
545 3109 738 3199 Τιμόδημον
757 3107 881 3194 λόγους
897 3114 1072 3194 προῆκται.
1113 3110 1156 3180 οὐ
1180 3112 1244 3200 γάρ

133 3214 245 3300 δήπου
268 3221 475 3301 Σαλαμίνιος
494 3207 548 3301 ήν.
588 3210 749 3299 άντικρνς
777 3210 840 3297 γάρ
862 3207 968 3279 αὐτόν
983 3207 1142 3300 Ἀχαρνέα
1162 3220 1245 3303 φησλ

133 3315 194 3383 τόν
217 3320 337 3403 δῆμον.
379 3314 647 3404 Ἀρίσταρχος
671 3316 733 3402 μὲν
760 3306 825 3382 οὖν
853 3320 910 3398 τῆς
935 3318 1114 3398 Αἰαντίδος
1135 3323 1246 3403 φυλῆς

135 3414 231 3503 εἶναι,
254 3415 319 3492 οὐκ
341 3416 456 3504 ὀρθῶς
477 3420 524 3505 δέ,
547 3424 661 3503 φησίν.
685 3420 721 3484 οἰ
739 3413 803 3501 γάρ
823 3413 990 3504 Ἀχαρνεῖς
1011 3421 1070 3500 τῆς
1086 3419 1245 3500 Οἰυηῖδος

134 3524 245 3603 φυλῆς
264 3523 359 3586 εἰσιν.
380 3523 422 3586 οἰ
441 3517 483 3586 δλ
505 3521 598 3607 περὶ
615 3515 930 3604 Ἀσκληπιάδην
951 3522 1066 3601 φασίν,
1090 3512 1142 3582 ὅτι
1157 3515 1246 3595 εἰκός

135 3619 226 3683 ἐστιν
247 3615 331 3684 εἰναι
348 3617 454 3687 αὐτὸν
470 3625 538 3686 τῶν
554 3619 616 3704 τήν
631 3627 807 3703 Σαλαμῖνα
827 3615 1130 3702 κληρουχησάντων
1144 3611 1246 3700 Ἀθη-

134 3721 251 3782 ναίων.
296 3718 386 3798 εἰκός
413 3711 477 3785 οὖν
506 3715 612 3785 αὐτόν
634 3719 843 3804 γεννηθέντα
863 3712 1025 3801 Ἀθήνησι
1050 3713 1245 3801 τεθράφθαι

133 3820 171 3884 ἰν
185 3824 363 3902 Σαλαμῖνι.
390 3822 577 3904 Δίδυμος
596 3820 635 3884 δέ
655 3837 771 3902 φησιν,
793 3812 847 3883 ότι
869 3823 948 3894 ἰσως
970 3813 1110 3901 ἄμεινον
1124 3818 1246 3904 λέγειν,

134 3915 186 3985 ότι
209 3921 256 3997 εἰς
274 3925 405 3987 Αἰαντα
426 3917 571 4005 άνέφερε
589 3915 626 3985 τό
648 3921 756 4003 γένος,
779 3913 892 4002 ὥσπερ
911 3919 966 3983 καλ
981 3915 1170 4003 Μιλτιάδης
1191 3920 1247 3985 καλ

135 4025 255 4105 Κίμων
284 4021 339 4087 καλ
369 4018 580 4109 Ἀλκιβιάδης
609 4021 664 4086 καί
691 4019 903 4104 Θουκυδίδης
932 4014 949 4084 ό
981 4016 1199 4103 συγγραφεὺς
1227 4010 1245 4085 ό

130 4116 284 4207 Ὀλόρου.

220 4223 273 4289 ef.
302 4223 378 4289 libri
406 4225 509 4289 nostri
536 4247 608 4310 cap.
630 4225 670 4287 27
697 4244 729 4286 n.
754 4224 791 4306 6,
825 4222 883 4289 ubi
912 4222 1037 4289 conieci
1069 4225 1188 4304 Κίμων
1213 4221 1249 4288 οἰ

131 4320 328 4390 Αακκιάδαι.
