2964 5010
1190 329 1235 390 ,‚,‚

116 495 215 559 Alex.
233 515 301 577 sp„
317 493 378 554 378
410 491 575 576 Bergkius
597 492 684 557 dier.
712 494 814 578 antiq.
843 493 1011 579 Marburg.
1040 516 1069 557 a.
1098 490 1177 558 1845
1198 517 1229 582 p.

124 599 194 659 1125.
236 594 301 675 At»,
320 592 479 680 quidquid
497 594 655 678 elegeris,
677 592 772 659 ιιιοιιιι
791 604 853 659 est.
897 595 970 659 Hoc
990 617 1091 659 unum
1108 597 1230 663 Maino-

121 697 179 761 kio
201 717 274 760 eum
292 694 440 780 Bergkio
458 697 621 777 convenit,
640 696 728 782 quod
748 696 836 761 docti
856 695 953 779 illius,
974 698 1030 783 qui
1052 696 1232 785 Didymum

121 797 301 879 lacessiuit,
329 799 534 882 grammatici
560 820 698 880 nomen,
726 791 823 884 quale
852 799 984 885 quidem
1009 799 1126 864 Suidss
1151 801 1174 865 l.
1202 823 1230 866 e.

121 899 261 982 exhibet,
282 907 419 986 uterque
440 908 574 963 tutatur.
600 898 751 964 Ceterum
766 899 932 985 Bergkius
947 900 1113 985 lldeinekio
1135 904 1241 967 etiam

119 1001 254 1089 ulterius
275 1000 493 1086 progreditur.
538 999 602 1066 Hie
622 1002 711 1065 enim
725 1001 803 1066 dum
819 1001 957 1067 formam
978 990 1118 1068 nominis
1133 997 1233 1068 Ἄπε-

119 1088 177 1187 por
197 1103 324 1184 adiecto
343 1100 490 1166 Boeckh.
515 1101 552 1168 O.
569 1101 596 1167 Ι.
616 1126 647 1166 ιι.
667 1104 786 1167 lousa
804 1103 899 1167 vanis
923 1102 1118 1191 quibusdam
1140 1105 1233 1190 dubi·
1312 1107 1317 1114 ’

117 1204 294 1270 tationibus
316 1202 503 1269 vindicasse
520 1205 598 1269 satis
619 1203 726 1288 habet,
749 1205 882 1271 aliunde
907 1228 942 1271 se
957 1205 1039 1270 nihil
1055 1205 1233 1303 quidquam

117 1306 158 1372 de
179 1307 270 1393 Apro
292 1308 519 1399 grammatico,
548 1307 731 1397 Aristarchi
753 1307 930 1396 discipulo,
955 1319 1199 1396 compertum
1177 1307 1232 1374 ha·
1305 1331 1309 1337 ·

115 1405 230 1477 bere
220 1432 362 1496 ingenue
391 1404 490 1474 confit
477 1418 577 1475 ttotur
612 1408 667 1474 illc
697 1409 838 1475 verbosa
865 1410 1006 1497 quadam
1027 1423 1231 1499 argumenta

116 1512 222 1595 tione,
249 1510 450 1576 alienissima
471 1507 703 1598 componendo
709 1562 718 1595 ‚
749 1513 844 1599 quasi
867 1512 1007 1601 quadam
1034 1513 1233 1596 inenodabili
1278 1517 1280 1522 ’

40 1644 47 1657 ·
116 1614 280 1678 rationum
308 1612 574 1700 improbabilium
599 1610 699 1699 plaga
724 1635 760 1677 se
788 1613 907 1696 irretit,
942 1634 1078 1700 sperans
1100 1598 1233 1707 scilicet,

116 1715 199 1781 nulli
226 1737 293 1779 non
322 1737 393 1778 sese
421 1736 669 1801 persuasurum,
697 1701 823 1803 Aprum
847 1715 901 1781 vel
922 1715 1117 1804 Asperum
1108 1724 1156 1782 rnt
1142 1716 1232 1787 t·elle

116 1812 262 1902 gendum
280 1839 353 1881 esse
376 1815 506 1881 Claudii
525 1815 731 1904 Neronisque
759 1817 928 1905 aequalem
951 1819 1005 1906 (Ο.
1029 1818 1126 1907 Jahq.
1147 1818 1229 1907 prol.
1353 1873 1357 1880 .

116 1920 209 1985 Pers.
231 1942 263 2004 p.
289 1916 426 2001 CXLV)
449 1918 692 2001 Aristarcheam
714 1912 846 2015 quidem
878 1919 1085 2009 disciplinam
1104 1922 1231 2010 profes7

116 2044 201 2104 sum,
229 2019 382 2085 liberiore
408 2029 516 2085 tamen
543 2020 663 2086 iudicio
692 2045 804 2106 usum,
838 2024 1036 2113 quamqui,
1070 2033 1106 2088 ut
1130 2025 1231 2112 aiunt,

116 2121 233 2187 ullius
262 2121 448 2186 addietus'
439 2144 546 2208 iurare
572 2124 606 2187 in
634 2123 737 2198 verba
770 2126 936 2211 magistri’
966 2124 1076 2206 vellet.
1133 2074 1231 2215 Hune

115 2226 216 2312 igitur
237 2221 382 2310 Didymo
410 2205 517 2290 fasces
546 2225 737 2292 submittere
764 2225 923 2310 noluisse,
959 2228 1019 2318 sed
1046 2208 1229 2327 maledictis

117 2327 210 2427 quasi
229 2326 273 2391 ad
289 2349 433 2413 pugnam
456 2327 660 2416 quandam'
651 2352 685 2394 m
707 2326 906 2427 literarum
892 2351 994 2395 arena
1015 2298 1231 2427 dirimendam

115 2451 323 2518 provocasse
373 2429 427 2495 Ab
454 2428 506 2496 bis
531 2433 645 2518 generi
672 2425 842 2521 socerique
870 2426 1132 2521 doctissimorum
1160 2455 1241 2517 sens

116 2532 227 2596 tentiis
256 2529 430 2598 discedens
449 2530 725 2600 Wcstermannus
752 2534 955 2625 probabilius
979 2533 1104 2597 statuit
1120 2555 1137 2597 e
1161 2530 1232 2601 Sur

117 2633 179 2700 dae
205 2620 282 2698 mss.
305 2632 463 2699 librorum
485 2637 634 2722 vestigiis
656 2631 831 2722 (Ἅπερως
839 2628 971 2719 ΑΒΕ”
949 2656 1034 2719 arao
1058 2655 1102 2719 ως
1110 2634 1233 2720 *V),e

116 2737 247 2801 nomine
275 2734 331 2801 illo
360 2736 606 2824 Bernhardyo'
598 2761 669 2802 rure
688 2746 840 2824 suspecto
862 2737 922 2801 vix
942 2733 1032 2839 aliud
1055 2734 1231 2856 quidquam

111 2834 191 2902 elici
218 2858 331 2925 posse,
362 2861 460 2928 quam
485 2833 719 2927 ’¹A'vzs9ewg)
751 2837 824 2904 coll.
849 2808 939 2906 Suid*
964 2831 990 2903 e.
1013 2862 1044 2924 u.
1070 2831 1231 2940 Ἀιιτέρως

116 2934 134 3004 ὁ
163 2937 218 3004 καὶ
240 2933 475 3031 Ἀπολλώνιος
519 2942 569 3005 Ae
593 2939 758 3028 prosette,
789 2941 816 3004 si
836 2925 1028 3018 ‘accuratius
1055 2933 1151 3022 etiam
1170 2941 1230 3006 hoo

28 3123 31 3129 Ι
115 3041 343 3131 perpenderis,
367 3022 466 3129 quod
478 3039 569 3107 Suid.
592 3042 700 3125 addit,
728 3042 920 3108 Anterotem
945 3040 1038 3108 illum
1061 3027 1230 3108 Heraclidi
1351 3080 1356 3090 ·

116 3146 252 3210 Pontico
279 3167 452 3232 supparem
478 3147 631 3227 vixisse,
647 3168 713 3211 non
733 3168 906 3234 possumus
926 3168 994 3240 non
1017 3145 1051 3216 in
1073 3140 1229 3232 suspicio*
1292 3184 1297 3193 ³

116 3270 190 3311 nem
218 3269 290 3326 eam
320 3247 479 3333 incidere,
509 3248 700 3342 consilioid
725 3248 849 3313 sactum
872 3271 954 3312 esse.
998 3228 1118 3339 Neque
1134 3249 1230 3334 enim,

116 3348 204 3435 quod
223 3349 363 3435 Apionis
386 3350 559 3437 asseclam,
584 3373 646 3438 quo
660 3352 796 3429 ,nomine
812 3350 930 3415 Suidas
947 3349 1229 3436 Anterotemp'er·

13 3489 19 3508 ·
117 3451 265 3535 stringit,
294 3450 377 3516 adeo
403 3452 550 3518 inflatum
578 3452 835 3540 insolentemque
857 3451 1021 3517 hominem
1049 3446 1152 3515 fuisse
1175 3472 1230 3512 au-

116 3551 239 3634 dimus,
263 3561 300 3616 ut
320 3574 364 3617 ex
385 3553 570 3639 sugillando
592 3555 855 3642 exagiundoque
878 3554 1079 3640 voluptatem
1099 3559 1231 3636 caperet

118 3662 346 3740 spectatosque
371 3657 405 3719 in
434 3656 539 3722 literis
564 3659 668 3739 viros,
704 3658 811 3745 qualis
840 3656 972 3742 quidem
997 3655 1143 3740 apprime
1169 3652 1232 3715 fuit

116 3753 299 3841 Didymus,
328 3777 408 3822 naso
434 3757 650 3844 suspenderet
677 3758 821 3836 adunco,
848 3793 891 3807 --
915 3776 958 3818 ne
979 3754 1062 3818 illud
1087 3752 1230 3839 quidem,

115 3858 265 3943 inqnsm,
283 3856 402 3941 ‘habet,
424 3860 760 3946 in¹quomagnopere
785 3855 960 3920 offendas?
988 3855 1103 3941 Itaque
1122 3877 1161 3919 eo
1180 3856 1229 3919 ina

115 3957 216 4022 elinst
244 3959 417 4042 iudicium,
445 3969 483 4025 ut
504 3958 749 4024 Westermanni
777 3959 996 4068 coniecturam
1014 3957 1087 4090 fere
1107 3957 1230 4046 palma

185 4198 211 4271 i)
231 4198 293 4250 De
290 4204 398 4254 nomine
412 4193 542 4267 Asticus
561 4202 596 4253 ef.
616 4200 694 4264 Edm.
708 4158 820 4296 Barker
831 4181 917 4303 epist.
930 4203 991 4252 orit
1005 4200 1110 4301 Arcad.
1131 4183 1231 4299 adnex

114 4301 140 4351 p
160 4288 318 4340 Ait—tlt.
778 4310 782 4314 ·
