2932 5002
230 377 292 439 348

230 541 308 606 olim
327 539 513 627 dupondius
540 547 573 604 et
593 539 702 623 semis,
730 539 765 605 id
787 549 838 604 est
858 540 923 605 duo
945 536 1048 602 librae
1067 548 1100 603 et
1119 539 1229 621 semis,
1252 540 1349 626 quasi

230 642 458 724 semistertius,
487 663 551 728 quo
579 651 725 728 tempore
749 641 903 706 denarius
930 640 1077 704 decussis
1100 640 1247 724 valebat,
1285 641 1350 705 hoc

231 754 295 808 est:
317 751 392 828 post
411 742 494 807 duos
513 764 653 830 sequens
675 741 772 805 tortio
793 739 864 807 loco
893 748 943 806 est
968 743 1077 806 semis.
1122 742 1195 806 Hoc
1215 764 1350 829 quoquc

231 845 410 911 secundum
429 844 559 909 Atticos
581 851 614 908 et
635 842 749 925 lonas,
770 843 826 930 qui
847 837 952 926 ἥμισυ
974 844 1089 923 τρίτον
1110 843 1265 909 dicebant
1286 866 1349 930 pro

231 945 294 1014 δύο
317 943 421 1031 ἥμισυ
442 954 526 1010 teste
548 947 646 1011 etiam
667 943 860 1029 Didymo,
890 947 946 1032 qui
963 944 1026 1010 hoc
1049 947 1142 1032 ponit
1166 945 1348 1011 ostendens

230 1051 264 1114 in
291 1049 379 1115 omni
405 1056 497 1136 parte
523 1046 679 1111 orationis
706 1057 738 1110 et
759 1048 1011 1112 constructionis
1033 1047 1217 1133 analogiam
1241 1047 1349 1112 Grae-

229 1175 342 1218 corum
363 1159 491 1216 secutos
514 1169 586 1212 esse
600 1147 775 1230 Romanos,
796 1148 884 1213 unde
906 1159 939 1214 et
954 1149 1141 1216 Herodotus
1162 1148 1197 1211 in
1212 1148 1229 1212 I
1243 1147 1350 1213 histo-

228 1255 352 1317 riarum
375 1254 422 1339 (ξ.
444 1251 499 1335 50)
522 1249 665 1315 ἐποιεῖτο
682 1289 726 1302 —-
747 1243 982 1333 ἡμιτάλαντον.
1027 1245 1104 1315 tuot
1126 1244 1168 1333 δὴ
1191 1239 1256 1314 οὖν
1280 1251 1347 1337 (sic

228 1353 490 1436 Lindemannus3
512 1352 584 1418 cod.
599 1355 745 1418 EIAOI‘
763 1353 1028 1437 AIONIHON·)
1054 1348 1158 1417 εἰπών
1179 1351 1261 1416 δέκα
1283 1374 1349 1415 τα-

230 1451 364 1521 λάντων
391 1458 596 1539 γεγενῆσθαι
618 1449 679 1518 τὸν
703 1453 822 1519 λέοντα
831 1455 854 1540 ¹)
883 1452 1055 1536 καταλέγει
1083 1455 1171 1536 ἔχειν
1194 1451 1348 1536 ἕβδομον

230 1550 466 1641 ἡμιτάλαντον,
487 1556 663 1623 τουτέστιν
684 1555 718 1633 ἓξ
740 1548 1010 1639 ἡμιτάλαντα”).

771 1745 802 1805 5.

314 1859 474 1925 Priscian.
504 1860 545 1925 de
573 1860 652 1945 figg.
682 1882 807 1925 numer.
835 1858 889 1923 III
911 1863 950 1924 16
978 1858 1043 1925 vol.
1070 1858 1106 1922 II
1127 1881 1160 1945 p.
1184 1857 1246 1921 395
1269 1868 1351 1944 post

230 1960 337 2026 locum
358 1983 376 2026 e
396 1960 482 2027 libro
504 1962 663 2026 Varronis
686 1961 727 2026 de
749 1961 863 2046 lingua
888 1961 991 2025 latina
1013 1961 1126 2046 quinto
1150 1959 1196 2046 (p.
1222 1963 1264 2022 47
1291 1959 1347 2024 cd.

300 2117 326 2183 1)
341 2118 400 2168 Sor.
420 2103 492 2187 κᾷτα
510 2111 591 2183 λέγει.
615 2119 704 2184 Atque
722 2103 794 2187 κᾷτα
807 2134 857 2184 pro
876 2114 927 2166 καί
936 2116 1087 2168 Menandro
1104 2117 1187 2167 ctiam
1204 2117 1234 2167 in
1246 2117 1346 2169 scholl.

228 2205 360 2270 Hippocr.
379 2205 421 2255 ed.
440 2205 618 2270 Daremberg.
643 2221 670 2255 v.
693 2193 856 2268 ὀδαξνομοί
871 2205 1068 2257 restituendum
1087 2220 1148 2257 esso
1170 2205 1252 2257 video
1270 2192 1348 2276 ιιᾷτοι

227 2281 280 2340 τᾶν
298 2281 393 2355 poros
410 2287 525 2358 Ιλίχνος
544 2281 619 2340 τιοὶν
637 2280 767 2356 ηἰλοὶξα6’
787 2277 856 2341 ὅστε
874 2283 912 2356 μή
933 2292 1020 2344 πιεῖν.
1036 2287 1132 2357 Αἵμων
1143 2307 1198 2342 non
1213 2294 1346 2358 expedi03

228 2367 260 2427 so*
273 2372 312 2442 μὴ
326 2367 378 2435 τὰς
394 2373 493 2442 τρίχας
510 2378 603 2427 nescio
623 2382 713 2428 utrum
730 2371 823 2444 τομὴν
836 2369 933 2442 τριχός
952 2392 987 2427 an
1005 2377 1042 2427 sit
1060 2368 1167 2441 τμητᾶς
1185 2377 1296 2444 τρίχας.

298 2464 326 2530 ⁶2)
353 2464 406 2527 Qui
423 2462 505 2529 paulo
522 2468 586 2528 post
601 2465 695 2515 eadam
714 2467 816 2532 pagina
838 2464 965 2515 laudatur
983 2462 1143 2527 Dardanus,
1169 2465 1346 2518 hauddubie

227 2550 299 2601 idem
318 2555 360 2601 ost
379 2554 461 2616 atque
479 2543 643 2615 Δαρδάνιος
661 2540 691 2600 ἓν
708 2549 748 2619 τῷ
767 2547 832 2616 περὶ
852 2546 1002 2613 σταθμῶν,
1030 2550 1075 2600 eui
1093 2551 1280 2602 testimonium
1299 2553 1346 2603 de-

227 2637 340 2688 nunciat
359 2637 523 2687 Laurentius
541 2638 635 2703 Lydus
654 2639 688 2688 (le
712 2654 811 2689 menss.
830 2654 857 2704 p.
877 2637 911 2688 62
925 2636 968 2687 ed.
987 2636 1021 2686 N.
1041 2636 1146 2687 Schow.
1184 2638 1269 2688 Cuius
1289 2639 1346 2690 loci

228 2724 252 2774 si
275 2740 376 2774 memor
402 2722 502 2773 fuisset
522 2723 555 2773 F.
577 2723 719 2787 Osannus‚
748 2740 809 2787 eum
836 2724 1006 2789 praeferetur
1027 2722 1063 2772 ad
1086 2722 1192 2789 Apulei.
1219 2725 1344 2791 orthogr.

228 2826 256 2875 p.
275 2811 370 2861 XVIII
392 2816 450 2860 not.
470 2812 500 2872 2,
524 2825 579 2860 non
602 2810 751 2875 expulisset
773 2811 932 2861 Dardanum
962 2809 1077 2875 locoque
1102 2809 1199 2861 cedere
1220 2810 1343 2877 Didymo

228 2897 364 2948 iussisset.
393 2897 495 2947 Iterum
514 2911 575 2946 eum
593 2902 749 2947 antestatur
765 2897 897 2948 Priscian.
918 2896 947 2946 II
965 2912 991 2961 p.
1012 2894 1072 2947 393.
1099 2895 1139 2946 Ac
1157 2896 1278 2948 fortasse
1296 2915 1343 2963 ap.

228 2982 304 3032 Suid.
324 2999 346 3033 s.
359 2999 386 3032 v.
402 2972 601 3048 Ἀριστόδημος
612 3000 661 3049 pro
674 2981 792 3033 Δανᾶον
806 2983 861 3047 (lu,
879 2983 1073 3048 Bernhardyus
1084 2974 1286 3050 Asoyeasuvo's)
1306 2985 1346 3036 le-

228 3067 344 3131 gendum
363 3071 405 3117 est
424 3062 587 3131 Δάρδανον.
626 3071 702 3121 Alios
720 3071 865 3121 Dardanos
883 3070 967 3120 habes
986 3084 1029 3134 ap.
1052 3069 1139 3120 Cicer.
1155 3070 1240 3120 lead.
1255 3071 1296 3120 IV
1315 3079 1345 3123 et

227 3152 386 3204 Philostrat.
405 3154 430 3202 V
441 3154 496 3204 5.2
514 3170 541 3219 p.
553 3154 613 3206 567.
632 3184 666 3193 -
685 3153 757 3220 Περὶ
776 3154 913 3224 σταθμῶν
931 3155 1068 3206 Diodorus
1086 3156 1169 3207 etiam
1187 3157 1345 3221 disputavit

227 3243 298 3289 teste
323 3238 496 3304 Diogeniano
522 3255 566 3306 ap.
589 3242 674 3294 schol.
696 3245 754 3294 BL.
777 3245 857 3339 Hom.
883 3244 916 3294 ΙΙ.
941 3260 968 3309 p.
988 3243 1038 3294 167
1067 3260 1084 3293 a
1107 3241 1194 3292 Bekk.
1223 3231 1266 3305 (ἔκ
1284 3241 1345 3292 τοῖν

226 3411 429 3477 inscriptionem
448 3416 637 3478 cognoscimus
656 3432 671 3467 e
687 3416 894 3467 Montesalconii
912 3416 999 3465 diario
1011 3414 1111 3465 Italico
1128 3432 1155 3481 p.
1170 3416 1221 3467 214
1239 3406 1270 3465 lu
1283 3415 1345 3466 suis

226 3495 416 3563 Διογενιανον
437 3495 489 3563 τῆς
512 3489 649 3567 ἐπιτομῆς
667 3498 725 3551 coia
743 3499 924 3567 Ονοηοτίνον
948 3502 1009 3568 (sto)
1034 3492 1224 3566 ἕλληνικοὶν
1211 3501 1252 3553 oo.
1289 3505 1345 3554 Fa-

225 3585 291 3636 litur
307 3586 378 3637 enim
392 3586 481 3636 Rank.
500 3587 621 3652 Hesyeh.
638 3604 664 3653 p.
678 3587 722 3639 66.
740 3587 799 3641 126.
813 3589 872 3653 143,
871 3591 938 3705 νοιιί
955 3579 986 3639 ἐκ
1003 3586 1055 3639 τοῦ
1069 3589 1188 3654 scripsit,
1207 3589 1345 3655 neglexIt·

225 3729 278 3780 que
296 3711 424 3780 siglam
411 3711 451 3763 οὐ.
492 3713 586 3765 Voluit
610 3731 707 3781 nempe
729 3717 820 3767 scriba
839 3715 936 3767 0011.
957 3733 981 3769 e.
999 3708 1159 3782 ὀνομάτων.
1196 3717 1239 3767 Cf.
1260 3718 1343 3770 Bast.

225 3841 328 3891 Comm.
347 3841 401 3906 pal.
419 3857 446 3906 p.
468 3838 529 3903 827,
547 3842 610 3904 nisi,
630 3844 702 3909 quod
720 3845 874 3910 suspicetur
891 3845 1001 3911 aliquis,
1020 3850 1113 3894 notam
1130 3843 1188 3893 NN
1207 3844 1235 3896 h.
1250 3861 1275 3897 e.
1297 3861 1347 3896 νο-

224 3959 371 4033 μισμάτων
395 3984 535 4034 perperam
560 3971 693 4022 intellexit
719 3988 751 4023 ac
773 3988 823 4038 pro
842 3932 895 4022 ὃὸ
917 3974 1022 4024 habuit.
1059 3975 1190 4024 Fortasse
1207 3974 1345 4026 Vestinus

225 4056 308 4105 etiam
326 4055 360 4106 de
377 4055 465 4105 numis
481 4057 599 4122 scripsit.
634 4059 760 4109 Ceterum
782 4059 957 4125 Pamphilo
979 4061 1014 4110 ab
1034 4060 1093 4125 ipso
1112 4060 1265 4111 Vestino
1282 4062 1346 4113 bre·

225 4141 299 4191 viato
325 4141 398 4191 haud
426 4141 483 4191 scio
511 4158 546 4191 an
575 4159 640 4193 usus
669 4146 706 4195 sit
733 4151 854 4196 auctor
884 4161 1083 4213 synagogas
1111 4146 1346 4214 Bachmanni,

224 4242 304 4291 qnam
321 4227 351 4277 Μ
358 4226 534 4278 ethodium
553 4245 613 4280 esse
632 4231 755 4296 suspicor
779 4230 979 4298 (medicum)
1006 4223 1042 4282 ab'
1059 4232 1216 4298 etymologo
1236 4237 1345 4301 saepIs-

224 4311 292 4366 sime
306 4313 334 4362 in
352 4327 380 4374 α,
400 4313 481 4365 semel
499 4330 516 4365 a
534 4316 638 4371 Tactus
655 4316 739 4369 schol.
759 4319 826 4385 Lyc.
845 4318 914 4370 1050
929 4335 956 4389 p.
975 4317 1037 4382 919,
1055 4317 1244 4378 claudatem.
