2948 5024
627 411 827 472 ..ρ-

259 581 330 641 191.
361 572 469 659 ὄφρα
496 571 707 660 λάβοιμεν·
735 569 843 653 οὕτως
864 568 1091 660 Ἀρίσταρχος,
1124 570 1219 643 ἄλλοι
1247 575 1285 643 δὲ

172 688 264 748 αλκε
288 676 489 764 λάβωμεν.
513 680 555 744 A.

260 784 332 847 213.
355 783 454 864 διχῶς
481 782 518 846 αί
545 774 763 865 Ἀριστάρχου
785 779 929 864 ἔεργεν
948 781 1003 846 καί
1024 783 1188 865 ἔρυκεν.
1232 786 1287 851 καί

175 883 212 951 τό
234 880 281 950 δι’
314 878 514 966 ἀμφοτέρων
543 878 794 966 σημαινόμενον
822 879 891 945 ἐστι
920 884 1069 948 τοιοῦτο·
1090 890 1158 951 τῶν
1177 881 1286 970 Ἀχαι-

176 990 225 1052 ῶν
246 981 329 1051 ὅσον
344 980 409 1050 άπὸ
424 989 488 1050 τοῦ
504 987 635 1068 τείχους
649 977 670 1068 ἡ
683 980 811 1066 τάφρος
827 976 957 1067 ῶριζεν,
972 982 1147 1069 ἐπλήθυεν
1165 981 1286 1072 ὁμοίως

81 1152 86 1162 ,
174 1089 287 1155 ἵππων
317 1086 371 1152 καί
406 1080 543 1171 άνδρῶν
577 1084 881 1169 συνελαυνομένου
913 1084 969 1150 καί
1014 1089 1287 1174 συνειργομένων

174 1185 241 1257 ὑπὸ
252 1193 315 1256 τοῦ
322 1184 490 1273 Ἕκτορος.
504 1191 545 1254 A.
566 1188 659 1270 Quae
670 1195 852 1276 sequuntur
861 1187 1003 1254 fortasse
1015 1191 1196 1257 Aristonici
1212 1202 1287 1257 sunt

172 1302 305 1382 propter
322 1313 478 1381 praesens
497 1300 626 1379 tempus
646 1287 780 1376 γράφει,
801 1289 992 1373 Ζηνόδοτος
1011 1288 1048 1356 δὲ
1064 1290 1188 1377 γράφει
1207 1296 1287 1358 τῶν

173 1391 205 1461 δ’
221 1390 323 1460 ὅσον
344 1393 388 1459 ἐκ
409 1397 522 1476 νηῶν
538 1386 617 1459 άπὸ
636 1389 976 1479 πόργουτάφρος
991 1394 1153 1480 ἔεργεν,
1176 1417 1287 1484 quum·

172 1519 271 1586 quum
291 1499 378 1563 iuter
400 1496 609 1561 Aristonices
630 1518 696 1562 non
718 1495 851 1560 admisit
870 1493 1157 1563 Friedlasn'derus.

150 1624 152 1628 ·
259 1601 332 1665 235.
360 1587 462 1682 ἦττον
489 1590 533 1662 άν
561 1614 667 1680 φησιν
692 1590 903 1680 Ἀρίσταρχος
931 1591 1158 1665 ὀνειδιστικὸν
1189 1594 1286 1682 εἶναι,

173 1706 267 1785 είτερ
280 1693 389 1777 οὕτως
402 1698 586 1783 ἐγέγραπτο
599 1692 818 1780 (Ἕκτορος,
831 1687 859 1787 ᾦ
873 1694 921 1784 δή
934 1725 954 1766 κ
965 1695 1287 1784 ῦδοςὈλόμπιος

173 1797 301 1880 αὐτός
323 1797 497 1880 ὀπάζει)
526 1796 670 1885 ήθέτητο
692 1795 729 1864 δὲ
752 1797 806 1863 καὶ
826 1796 919 1889 παρά
936 1796 1180 1887 Ἀριστοφάνει.
1211 1803 1284 1869 AV.

260 1907 333 1969 246.
357 1896 606 1970 ἀπολέσθαι·
627 1895 837 1986 Ἀρίσταρχος
856 1898 1120 1971 άπολείσθαι.
1144 1906 1185 1970 A.

260 2007 332 2069 270.
356 1999 572 2090 βεβλήκει·
593 1996 804 2088 Ἀρίσταρχος
826 2003 1037 2092 βεβλήκοι.
1073 2008 1115 2071 Α.

260 2110 332 2172 290.
356 2107 391 2171 oi
410 2105 486 2191 περί
509 2103 703 2190 Ζηνόδοτον
724 2109 779 2175 καί
795 2102 1018 2194 Ἀριστοφάνη
1040 2111 1161 2188 ἵπποι.
1180 2110 1221 2173 A

260 2212 332 2273 296.
356 2201 464 2284 οὕτως
482 2208 520 2272 αί
536 2201 752 2295 Ἀριστάρχου
768 2204 824 2275 διὰ
838 2213 901 2274 τοῦ
923 2235 944 2294 γ
965 2211 1226 2295 δεδεγμένος.
1242 2213 1284 2277 A.

259 2313 331 2375 304.
359 2305 628 2394 Αἰσύμηθεν·
652 2306 866 2397 Ἀρίσταρχος
890 2309 1157 2397 Αἰσύμηθεν,
1184 2311 1238 2377 καί
1265 2302 1286 2396 ἡ

176 2409 371 2497 Ζηνοδότου
393 2409 448 2474 καὶ
470 2404 782 2496 ήἈριστοφάνους.

260 2517 333 2578 311.
352 2513 453 2595 διχῶς
476 2516 549 2578 τοῦ
569 2510 644 2598 μὲν
672 2509 827 2598 άμαρτε
849 2512 905 2579 καὶ
923 2507 1012 2578 τόθ’
1038 2508 1206 2598 ἅμαρτε.
1244 2514 1286 2577 Α.

176 2618 227 2684 Cf.
250 2621 287 2682 H
307 2618 378 2680 186.

262 2721 346 2802 [325.
370 2709 479 2793 οὕτως
498 2715 599 2799 χειρίς
620 2719 684 2782 τοῦ
705 2742 718 2782 ι
746 2709 959 2799 ἀποέργει.
982 2713 1038 2790 V.]

260 2824 332 2886 337.
348 2812 503 2897 Ἕκτωρ
525 2810 559 2880 δ’
583 2817 627 2881 ἐν
646 2815 869 2902 πρῶτοισι·
896 2817 933 2881 αί
947 2811 1162 2901 Ἀριστάρχου
1189 2817 1289 2903 χωρίς

177 2926 237 2988 τοῦ
259 2914 443 3001 νἝιιτενρ
466 2914 509 2981 δὲ
534 2915 755 3005 πρῶτοισι,
785 2920 839 2984 καί
861 2920 969 3002 ἔστιν,
996 2913 1014 2983 ό
1037 2913 1213 3006 δὲἝκταρ
1235 2919 1289 2987 ἐπὶ

177 3018 257 3103 τούς
279 3021 434 3108 τρῶτους
456 3013 561 3104 ῶρμα.
584 3021 625 3086 Α.
923 3096 925 3100 y

263 3130 336 3192 349.
359 3117 391 3212 (ὁ
411 3120 602 3207 Ζηνόδοτος
624 3120 763 3208 γράφει·
785 3118 996 3207 Γόργονος
1017 3116 1162 3209 ὄμματ’
1185 3126 1289 3207 ἔχων

60 3289 65 3293 .
177 3223 220 3313 vii
240 3221 695 3315 βροτολοιγοῦἈρηος.
719 3219 737 3290 ὁ
765 3218 962 3311 δὲ”θμηρος
985 3225 1085 3310 χωρίς
1108 3231 1170 3292 τοῦ
1190 3251 1211 3291 ν
1232 3226 1290 3292 λε’-

178 3353 230 3414 γει
249 3331 303 3416 (τῇ
325 3321 358 3392 δ’
382 3325 435 3392 ἐπὶ
463 3324 525 3410 μὲν
545 3328 678 3412 Γοργῶ’
707 3327 759 3412 (Il.
786 3331 814 3392 Λ
833 3328 902 3414 36),
925 3319 970 3405 ῶς
990 3323 1132 3412 Σαπφῶ,
1156 3321 1209 3392 διό
1234 3328 1289 3393 λε’-

178 3455 228 3516 γει
250 3431 403 3514 Γοργοῦς
422 3427 466 3510 ῶς
489 3433 680 3518 Σαπφοῦς.)
704 3428 882 3517 Hucusque
903 3429 1120 3512 Aristonicus,
1146 3430 1203 3516 qui
1224 3429 1288 3493 ior-

177 3545 264 3599 tusse
291 3555 364 3598 eum
384 3535 531 3623 Didymo
559 3535 689 3601 coaluit.
733 3530 865 3598 Abhinc
887 3531 1051 3618 Didymus
1077 3523 1289 3612 Ἀρίσταρχος

178 3635 214 3700 δὲ
236 3630 359 3720 γράφει
382 3631 449 3702 σὺν
468 3642 514 3726 τῷ
534 3664 546 3703 ι
574 3629 710 3720 οἴματ’
735 3635 848 3718 ἔχων.
880 3635 937 3697 καί
951 3648 1034 3714 φασι
1051 3626 1140 3712 παρὰ
1156 3624 1218 3713 τήν
1238 3625 1289 3694 οἶ-

178 3760 244 3821 μον
269 3741 491 3822 γεγενήσθαι,
527 3734 585 3816 τὰς
615 3732 717 3814 ὁδους
749 3734 804 3799 καὶ
834 3728 874 3798 τά
897 3726 1078 3814 ὁρμήματα.
1120 3732 1157 3796 αί
1176 3730 1289 3815 μέντοι

177 3843 314 3917 πλείους
345 3844 414 3904 τῶν
447 3841 614 3922 δημωδῶν
649 3832 738 3918 εἶχον
768 3837 958 3916 Γοργοῦς
991 3825 1137 3914 ὄμματ’
1173 3833 1288 3919 ἔχων,

178 3933 228 4018 οἷς
248 3939 476 4027 συλλαμβάνει
499 3939 555 4004 καὶ
576 3935 614 4005 τό
637 3932 784 4018 άλλαχοῦ
805 3930 989 4017 λεγόμενον
1014 3936 1066 4020 ετῇ
1087 3930 1119 3998 δ’
1144 3933 1198 3998 ἐπί
1227 3934 1289 4018 μὲν

179 4039 298 4126 Γοργῶ
330 4044 574 4128 βλοσυρῶπις’·
604 4031 751 4124 χαλεπόν
784 4025 849 4100 οόν
882 4033 919 4100 τό
948 4031 1053 4120 σαφὲς
1085 4038 1200 4100 εἰπεῖν.
1247 4037 1289 4103 Α.

178 4145 358 4209 Βιίεαίτεε.
383 4143 507 4209 Zenod.
524 4166 556 4231 p.
573 4147 593 4206 4
610 4141 729 4207 erroris
744 4139 937 4205 manifestus
958 4148 1017 4222 est,
1036 4161 1056 4204 ε
1075 4137 1222 4225 Didymo
1243 4148 1291 4206 to·

179 4257 247 4311 tum
270 4244 430 4309 scholium
451 4267 524 4311 εεεε
545 4243 728 4333 profectum
749 4248 906 4308 stamsns.

265 4349 338 4411 371.
361 4348 434 4412 372.
457 4347 664 4413 Aristonicus
685 4338 889 4412 άθετοῦνται
910 4339 974 4410 δύο
996 4347 1101 4427 στίχοι
1123 4382 1166 4394 -
1188 4360 1289 4428 τροσ-
