2932 5002
1128 492 1129 496 η
1167 413 1228 479 373

117 578 318 641 APICTON
348 575 404 661 (ef.
440 574 531 639 Suid.
558 582 590 638 et
612 574 738 638 Eudoc.
765 599 798 660 p.
820 577 910 661 272).
954 570 991 640 τό
1020 572 1051 642 δ’
1080 583 1228 675 urm

114 681 238 742 HAPA
260 681 418 741 AEATA
438 675 631 758 Κλεομένης
652 674 715 759 μέν
737 674 774 739 έν
795 681 841 763 τῷ
864 676 939 759 περὶ
950 671 1111 743 Ἡσιόδου
1125 675 1229 764 Ὁμη-

118 803 166 868 ρφ
195 778 277 861 φησὶ
308 779 531 859 προειρῆσθαι
559 772 615 842 διὰ
644 773 790 842 τούτων·
823 780 949 844 (δειλαί
976 803 1027 844 τοι
1050 783 1171 848 δειλῶν
1193 806 1228 848 τε

117 881 171 945 καὶ
194 876 313 963 ἐγγύαι
334 877 554 962 έγγνάασθαι’
580 878 715 965 (Odyss.
732 883 858 963 θ351),
883 882 919 946 οἱ
939 883 975 947 δὲ
993 879 1227 965 περὶἉρισιο-

117 982 192 1068 τέλη
214 986 366 1057 Χίλωνος
391 974 474 1044 αάιό
503 982 691 1063 νομίζουσι,
720 984 908 1066 Δίδυμος
930 984 966 1049 δέ
987 989 1102 1050 Θαλοῦ
1123 1003 1229 1069 φησιν

118 1080 202 1149 εἶναι
224 1081 286 1167 τὴν
305 1084 512 1165 παραίνεσιν.
552 1083 665 1144 ἔπειτα
692 1079 765 1165 ἑξῆς
786 1079 823 1149 τό
847 1090 1033 1151 ΠΑΝΤΕΟ
1052 1092 1228 1153 ΑΝΘΡΩ-

115 1191 202 1252 ΠΟΙ
220 1188 364 1251 ΚΑΚΟΙ
385 1174 407 1265 ἢ
430 1185 481 1247 OI
500 1185 722 1247 HAEICTOI
744 1189 840 1250 ΤΩΝ
863 1179 1126 1253 ΑΝΘΡΩΠΩΝ
1148 1193 1228 1253 KA-

117 1288 230 1375 K011)
263 1288 377 1373 (διχῶς
400 1279 463 1367 γὰρ
489 1281 664 1366 ἐκφέρεται
687 1281 724 1349 τό
748 1282 830 1352 αάιό
852 1283 1071 1374 ἀπόφθεγμα)
1096 1291 1130 1354 οἱ
1152 1288 1229 1369 περὶ
1258 1339 1261 1341 Α

116 1387 282 1456 Σακάδαν
302 1385 362 1452 τόν
390 1383 576 1464 Βυζάντιον
600 1389 741 1462 Βίαντος
760 1390 931 1473 ιλέγουσιν
962 1386 1064 1455 εἶναι·
1104 1390 1158 1454 καὶ
1190 1388 1227 1455 τὸ

117 1495 315 1558 ΜΕΛΕΊῊ
337 1492 499 1553 ΠΑΝΤΑ
529 1491 781 1572 ΚΑΘΑΙΡΕΡ)
814 1487 1028 1572 Περιάνδρου
1049 1491 1228 1575 τυγχάνειν

115 1591 316 1680 βούλονται,
349 1585 472 1672 ὁμοίως
505 1583 541 1651 δὲ
575 1583 611 1653 τό
645 1592 793 1655 ΓΝΩΘΙ
823 1597 1003 1658 KAIPON
1030 1598 1228 1675 rapuissem

115 1697 287 1760 Πιττακοῦ
305 1685 521 1756 καθεστάναι.
546 1690 679 1776 (Suidas
703 1701 735 1755 et
751 1691 877 1758 Eudoe.
899 1716 931 1780 p.
945 1696 1034 1782 362.)
1057 1697 1098 1759 In
1120 1696 1227 1761 lexico

116 1796 225 1861 Bekk.
257 1791 395 1859 anecdd.
422 1791 440 1854 I
468 1794 545 1873 233,
576 1794 613 1854 13
645 1791 736 1857 locus
768 1793 944 1861 Clementis
980 1807 1087 1862 exstat
1114 1807 1227 1863 auctus

116 1900 214 1963 etiam
236 1894 408 1981 Hermippi
437 1894 621 1957 testimonio
651 1898 785 1977 γνῶθι
807 1893 980 1961 σαυτόν·
1010 1893 1227 1982 ἀπόφθεγμα.

115 2002 149 2065 οἱ
179 1997 215 2065 δὲ
247 1992 417 2073 Χείλανός
450 2012 565 2077 φασιν.
602 1990 789 2080 Ἕρμιππος
821 1995 857 2061 δὲ
887 1994 1027 2082 Δελφόν
1060 1994 1228 2082 εόνοῠχόν

116 2121 221 2187 φησιν
244 2098 411 2185 εἰρηκέναι
432 2095 469 2160 τὸ
492 2100 601 2179 γνῶθι
624 2095 767 2182 σαυτόν,
791 2099 845 2164 καὶ
868 2099 905 2164 έν
927 2104 973 2189 τῷ
995 2105 1067 2190 ναῶ
1088 2100 1228 2186 ἐπιγρά-

116 2222 187 2281 φαι.
216 2198 414 2287 Χαμαιλέων
437 2194 473 2264 δέ
490 2203 605 2264 Θαλοῦ
621 2217 726 2283 φησιν
745 2195 830 2265 εἶναι
853 2194 915 2284 τὴν
935 2199 1073 2287 γνῶμην
1090 2199 1226 2287 ταύτην.

117 2307 212 2372 Adde
236 2301 382 2391 Hesych.
418 2304 556 2383 γνῶθι
586 2300 760 2368 σαυτόν·
806 2295 1021 2387 ἀπόφθεγμα.
1061 2303 1230 2382 Χείλωνός

119 2422 234 2489 φασιν.
280 2401 387 2467 Schol.
412 2401 509 2466 Hom.
533 2401 573 2464 Il.
597 2404 628 2465 Γ
642 2405 694 2465 53.

201 2505 260 2569 Bis
288 2503 433 2591 Didymo
462 2503 684 2566 testimonium
711 2502 888 2568 denunciat
915 2506 1107 2592 compilator
1127 2508 1229 2593 impu·

118 2608 345 2688 densissimus,
369 2607 421 2669 cui
440 2605 536 2686 haec,
556 2625 639 2690 quae
662 2605 962 2691 transscripsimus‚
985 2608 1082 2672 debet
1104 2610 1230 2691 omnia3

117 2713 188 2797 ipse
207 2730 285 2773 vero
299 2706 466 2793 Didymus
489 2727 553 2792 quo
576 2704 644 2768 lare
664 2727 699 2769 se
722 2714 845 2769 tutetur
867 2717 1003 2793 apparet
1021 2707 1093 2775 luce
1110 2709 1230 2775 clarius

119 2834 136 2875 e
160 2809 249 2875 Stob.
269 2808 364 2873 floril.
390 2807 428 2871 T.
446 2806 551 2870 11179
573 2806 875 2893 (v01.1p.ol-98
895 2806 945 2871 ed.
958 2808 1064 2895 Lips.)
1088 2816 1121 2874 Δ
1127 2833 1146 2892 η
1153 2834 1229 2895 μη-

118 2917 245 2995 ιρίον,
261 2909 486 2992 Φαληρέως
507 2911 576 2972 τῶν
598 2905 679 2973 ἑπτά
701 2910 820 2990 σοφῶν
845 2902 1101 2993 ἀποφθέγματα.
1126 2911 1230 2976 Simul

118 3015 194 3079 hinc
214 3013 385 3093 discimus,
408 3011 569 3076 Demetrii
592 3008 744 3074 Phalerei
765 3032 865 3097 opera
886 3033 960 3074 eum
979 3033 1094 3098 parum
1115 3013 1231 3100 proba·

119 3114 186 3179 bile
215 3113 258 3176 sit
287 3112 390 3198 ipsius
418 3112 552 3176 Ioannis
586 3111 719 3177 Stobaei
751 3133 849 3175 manu
872 3123 1004 3177 versata
1024 3137 1110 3197 esse,
1144 3115 1230 3180 unde

119 3215 175 3279 ille
197 3213 313 3278 horum
335 3215 485 3278 notitiam
507 3216 678 3302 acceperit,
701 3214 880 3301 eDidyrni,
903 3224 990 3302 puta,
1009 3214 1232 3303 Symposiacis

120 3318 192 3382 sive
219 3316 356 3400 integris
383 3318 454 3380 sive
488 3316 530 3380 ab
553 3316 715 3381 Alexione
742 3317 777 3406 in
798 3315 933 3379 brevius
954 3319 1086 3382 coactis.
1131 3317 1231 3404 Equi-

120 3420 194 3484 dem
220 3439 285 3482 non
314 3417 428 3484 dubito
459 3420 538 3506 quin
571 3418 652 3482 haec
681 3426 806 3504 septem
828 3419 1010 3503 sapientum
1033 3418 1231 3505 apophtheg·

120 3528 243 3584 matum
265 3518 397 3603 farrago
418 3541 438 3583 a
460 3519 600 3585 Stobaeo
624 3520 645 3583 l.
670 3518 691 3582 l.
714 3518 885 3582 nobiscum
906 3521 1143 3583 communicata
1164 3529 1233 3584 tota

121 3621 287 3685 odecimo
309 3619 393 3683 libro
422 3621 664 3701 συμποσιακῶν
691 3619 852 3700 originem
879 3627 1013 3703 repetat.
1059 3620 1160 3683 Vides
1185 3621 1233 3682 in-

122 3743 219 3807 super
242 3741 325 3806 quae
344 3741 396 3804 ap.
411 3718 501 3784 Stob.
512 3720 558 3793 ‚in
576 3719 684 3782 fronte
704 3727 869 3804 ponuntur
885 3728 1020 3804 septena
1035 3719 1230 3805 apophtheg·

122 3833 211 3888 mata
231 3820 362 3907 singula
384 3819 490 3884 eidem
509 3820 649 3905 sapienti
671 3841 691 3883 a
708 3818 852 3905 Didymo
867 3817 968 3882 tribui
983 3820 1070 3905 apud
1084 3819 1232 3885 Clemen-

121 3937 198 4009 tem,
221 3934 256 3988 ut
279 3922 398 3987 erroris
417 3921 611 3986 manifestus
629 3921 671 3984 sit
683 3918 891 3985 Gaisfordius
914 3920 1019 3984 codici
1037 3921 1158 4005 optimo
1172 3920 1232 4007 (A)

124 4031 158 4094 in
177 4022 429 4111 transponendis
450 4023 568 4087 Pittaci
590 4020 782 4107 Mitylenaei
808 4029 841 4084 et
862 4020 1009 4085 Thaletis
1029 4020 1152 4086 Milesii
1178 4043 1233 4085 no-

195 4270 220 4336 l)
240 4269 317 4320 Stob.
337 4269 395 4318 flor.
414 4266 432 4317 l.
453 4265 472 4316 l.
493 4257 664 4314 οἱπλεῖστοι
682 4252 836 4326 ἅνθρωποι
854 4259 948 4314 κακοί.

192 4356 219 4421 2)
237 4355 313 4406 Idem
331 4355 349 4406 l.
367 4354 386 4406 l.
404 4345 503 4420 μελέτη
522 4343 553 4401 τό
572 4347 641 4404 πᾶν.
