2964 5010
234 385 274 446 50

233 569 306 613 esse
327 557 384 613 aut
405 548 476 613 loco
497 569 563 612 non
584 567 643 611 sno
675 547 784 632 posita
812 545 914 610 verba
938 545 994 610 καί
1016 546 1053 611 ἐν
1080 549 1207 634 Τιμαίῳ
1223 585 1267 598 -
1289 568 1346 613 τε-

233 645 414 715 ταντακότι
440 651 605 714 monnisse
629 649 708 712 satis
736 646 852 712 habeo.
897 647 1051 713 Forsitan
1083 649 1239 713 fluxerint
1267 670 1347 714 cae
1428 644 1429 650 '

233 749 360 814 Timaei
399 751 454 814 vel
491 750 631 815 Boethii·
657 748 764 814 lexico
803 748 983 813 Platonico.
1051 749 1200 815 Vidimus
1235 751 1346 835 igitur,

232 851 320 938 qnod
345 852 409 916 hnc
426 874 530 940 usqne
550 872 609 937 pro
632 859 721 915 certo
744 852 940 936 sumpsimus
962 853 1077 936 magis,
1100 872 1197 938 quem
1219 853 1272 916 cni
1292 853 1346 918 de-

233 954 442 1019 monstrando
463 976 560 1042 pares
583 954 715 1034 fuimns,
734 954 831 1017 etiam
849 953 884 1014 in
905 953 1029 1016 comico
1049 951 1155 1017 lexico
1174 953 1345 1019 condendo

232 1055 414 1141 Didymum
434 1055 641 1120 decessorum
663 1055 805 1138 vestigia
827 1054 919 1140 sequi
926 1101 935 1134 ,
964 1061 1001 1116 ut
1022 1051 1172 1139 exemplo
1195 1062 1269 1117 utar
1289 1075 1346 1138 pa·

233 1158 411 1240 ratissimo,
428 1155 656 1241 Lycophronis
677 1162 775 1240 atque
797 1153 1007 1218 Artemidori.
1040 1153 1086 1217 Ut
1101 1154 1188 1217 enirn
1207 1164 1345 1236 constat,

132 1286 133 1289 ¹
233 1258 439 1322 Pherecratis
460 1255 589 1321 fabulas
610 1256 854 1320 accuratissime
876 1253 1065 1340 explorasse
1085 1253 1345 1337 Eratosthenem,

232 1358 279 1422 ita
294 1358 475 1443 Didymum
502 1359 537 1421 in
565 1358 696 1422 easdem
718 1365 969 1420 commentatum
992 1377 1065 1421 esse
1086 1377 1181 1421 nemo
1203 1379 1346 1444 unquam

233 1458 333 1541 dixit,
355 1459 444 1523 unde
467 1459 617 1540 efficitur,
638 1465 727 1522 utet
748 1456 884 1520 Photius
904 1466 935 1520 et
953 1457 1143 1544 Hesychius
1165 1480 1191 1523 s.
1211 1481 1244 1522 v.
1266 1481 1347 1523 τευ-

142 1582 151 1590 ·
234 1556 343 1638 τάξειυ
373 1560 533 1625 comicum
561 1558 699 1646 Didymi
723 1558 854 1623 lexicon
880 1558 1138 1644 compilaverint.
1188 1559 1345 1625 Volentes

234 1662 334 1746 igitur
358 1663 393 1724 in
422 1683 494 1725 eam
521 1661 739 1747 suspicionem
765 1659 873 1744 abripi
901 1680 960 1723 nos
981 1659 1158 1744 patiemur,
1188 1672 1347 1750 quotquot

236 1762 325 1848 apud
346 1762 549 1849 Hesychium
571 1762 717 1848 aliosque
736 1769 868 1824 exstant
890 1759 955 1823 loci
977 1761 1093 1824 comici
1115 1765 1273 1827 sermonis
1295 1787 1359 1829 co-·

234 1862 335 1927 lorem
365 1863 567 1946 renidentes,
595 1883 732 1950 quorum
759 1864 866 1946 gratia
893 1860 1104 1946 Lycophroni
1131 1863 1346 1929 denuncietur

232 1966 462 2046 testimonium,
473 1963 517 2027 ad
530 1985 631 2027 unum
646 1984 758 2027 omnes
773 1961 939 2048 eDidymi
950 1961 1080 2048 scriptis
1091 1965 1346 2049 percrebruisse,

235 2086 350 2152 neque,
369 2085 443 2129 cum
463 2064 586 2150 ubique
608 2063 679 2127 fere
693 2061 903 2149 Lycophroni
924 2062 1119 2128 fidissimum
1152 2067 1226 2130 vise
1249 2070 1346 2132 comi-

234 2174 299 2228 tem
321 2166 509 2252 sociumque
530 2164 678 2229 laborum
698 2163 877 2229 adhaerere
897 2164 1068 2230 videamus
1084 2166 1345 2254 Eratosthenem,

234 2266 501 2331 Eratosthenicas
535 2267 713 2330 sententias
744 2266 786 2330 de
817 2264 972 2348 vocibus,
1006 2288 1090 2354 quae
1123 2268 1255 2354 quidern
1287 2270 1345 2334 hu-

233 2369 394 2434 miliorem
418 2357 506 2433 socci
534 2388 715 2432 sermonem
741 2374 910 2447 resonant,
945 2369 1110 2453 expositas
1137 2368 1203 2433 slis
1232 2373 1345 2436 visin

233 2471 415 2538 lexicos-um
453 2468 559 2556 spatia
600 2468 663 2531 nisi
699 2489 758 2554 per
794 2467 976 2552 Didymum
1004 2467 1169 2553 patefacta
1204 2472 1345 2538 intrasse

234 2583 345 2638 nostro
367 2575 437 2637 iure
459 2569 708 2656 suspicabimur.

311 2672 539 2740 Prementihus
561 2673 661 2756 igitur
680 2668 907 2755 Lycophronis
931 2670 1073 2754 vestigia
1100 2672 1163 2739 hae
1185 2675 1255 2740 eins
1276 2678 1345 2739 ani·

234 2777 479 2842 madversiones
500 2781 683 2836 occurrunt.
730 2772 761 2854 1)
784 2770 879 2835 Phot.
901 2794 933 2857 p.
955 2777 1027 2855 507,
1051 2777 1070 2837 9
1097 2775 1171 2841 coll.
1194 2777 1286 2842 Suid.
1310 2779 1345 2842 ΙΙ

235 2882 254 2940 2
276 2901 307 2964 p.
330 2880 402 2959 708,
425 2878 487 2940 720
509 2871 769 2936 σεσέλλισαι·
797 2869 905 2955 μάτην
923 2875 1075 2959 ἐπῆρται,
1098 2872 1156 2940 ἀπ’
1181 2880 1345 2962 Αἰσχίνου

234 2982 297 3043 τοῦ
317 2978 467 3057 Σίλλου,
486 2966 525 3049 ὃς
544 2962 588 3055 ἦν
608 2967 801 3056 κομπαστὴς
822 2973 878 3038 καὶ
899 2970 1030 3052 ἀλαζών
1052 2979 1089 3040 ἕν
1110 3001 1146 3043 τε
1168 2983 1215 3068 τῷ
1233 2979 1346 3045 σιαλέ·

236 3086 357 3162 χεσθαι
378 3075 434 3141 καί
456 3074 560 3162 ἐντῷ
582 3082 841 3155 προσποιεῖσθαι
864 3083 1033 3141 πλουτεῖν.
1057 3074 1075 3143 ὁ
1099 3080 1135 3145 δὲ
1150 3079 1346 3163 Λυκόφρων
1408 3139 1423 3162 ,

234 3174 387 3244 ἀπέδωκε
410 3175 448 3243 τό
474 3177 682 3252 σελλιζεσθαι
709 3170 783 3240 ἆντί
805 3179 867 3241 τοῦ
885 3183 1108 3257 ψελλιζεσθαι.
1153 3182 1344 3268 Utrumque,

234 3299 429 3366 quamquam
447 3276 528 3343 locis
545 3276 720 3360 diversum,
744 3277 843 3342 habet
856 3277 1044 3367 Hesychius
1061 3283 1190 3347 111186
1211 3287 1345 3348 σολλί-

236 3383 399 3458 ξασθαι·
423 3381 647 3456 pelliceatus.
668 3375 757 3455 τινὲς
778 3377 816 3443 δὲ
830 3382 968 3457 σελλίζει
983 3377 1189 3462 ιἰλαζονεύει.
1211 3384 1247 3448 II
1265 3389 1338 3448 1171

235 3484 521 3546 σεσελλίσθαι·
544 3474 808 3559 ἀλαζονεύεσθαι
829 3481 885 3545 καί
902 3480 1079 3568 σκώπτειν,
1099 3480 1164 3549 dud
1181 3487 1345 3568 Αἰσχίνου

234 3583 296 3645 τοῦ
317 3581 459 3648 Σέλλου.
482 3583 578 3647 Prior
595 3583 696 3668 igitur
717 3581 904 3669 explanatio
926 3586 1163 3674 Lycophronis,
1182 3589 1345 3673 posterior

234 3681 364 3747 vidone
379 3704 422 3747 ex
435 3684 662 3750 Eratosthenis
678 3684 720 3748 de
735 3683 903 3748 comoedia
918 3683 1011 3750 libris
1025 3689 1277 3773 promanaverit,
1297 3691 1345 3751 in-

233 3784 377 3866 tegriore
399 3784 599 3874 cultioreque
620 3785 734 3849 habitu
753 3795 884 3849 servata
897 3787 983 3871 apud
996 3788 1198 3876 Hesychium
1212 3789 1245 3852 ll
1263 3792 1344 3852 1162

235 3888 464 3951 σεελλίσαι·
494 3887 664 3970 Φρύνιχος
691 3888 729 3952 ἐν
752 3888 891 3979 Κρόνῳ·
912 3884 1056 3973 Ἀγαμαι
1071 3889 1248 3956 Διονύσου
1265 3889 1345 3955 στό-

235 4007 337 4067 ματος
375 3980 421 4064 ὥς
454 3992 621 4055 σεελλίσαι
659 3992 848 4074 κεκομμένα
887 3987 1057 4068 πολλάκις.
1108 3995 1271 4075 Αἰσχίνης
1297 4014 1347 4068 τις

234 4079 364 4169 ὑπῆρχε
381 4088 512 4153 Σέλλου
533 4086 752 4174 καλούμενος,
775 4089 905 4171 ἀλαζών
926 4089 981 4155 καὶ
1001 4092 1038 4155 ἐν
1060 4097 1107 4178 τῷ
1130 4094 1345 4176 διαλέγεσθαι

235 4185 290 4248 καί
319 4186 356 4250 ἐν
383 4192 429 4276 τῷ
455 4200 714 4271 προσποιεῖσθαι
735 4191 1108 4276 πλουτεϊνπενόμενος
1134 4188 1215 4259 καθ’
1240 4187 1348 4275 ὑπερ-

235 4282 357 4368 βολήν,
379 4282 424 4364 ὡς
445 4284 525 4366 τούς
548 4297 800 4375 παραπλησίους
822 4288 911 4358 οὕτω
934 4299 1119 4360 καλεῖσθαι.
1168 4295 1221 4360 Of.
1245 4294 1348 4359 schol.
