2962 5024
219 411 278 473 168
666 442 709 454 —-
755 409 866 468 Y—

219 572 320 640 πτέον
342 576 394 660 τῷ
414 566 447 638 δ’
473 560 585 652 εὖτε,
602 570 660 635 ἵνα
680 559 704 656 ᾖ
728 564 807 635 ὡσεί
829 567 934 654 πτερά
955 566 1011 635 διὰ
1033 564 1095 651 τὴν
1116 567 1328 651 κουφότητα·

218 676 346 753 ἔξωθεν
373 669 410 739 δέ
436 667 473 738 τά
501 667 556 746 ὥς.
600 668 767 757 πρότερον
789 671 826 738 δέ
846 668 990 756 γράφων
1009 664 1027 734 ὁ
1044 665 1258 754 Ἀρίσταρχος
1279 674 1329 757 τῷ

219 770 252 840 δ’
285 763 378 840 εὖτε
403 771 458 838 καὶ
487 766 571 837 κατά
592 770 761 858 συστολὴν
779 772 957 858 δεχόμενος
979 766 1054 836 ἄντί
1075 775 1138 837 τοῦ
1160 766 1259 856 ἠύτε,
1285 765 1330 848 ὡς

218 875 272 942 ἐπὶ
298 880 360 941 τοῦ
392 863 481 941 1εὖτ’
504 868 601 959 ὄρεος
623 879 812 963 κορυφῇσι’
837 877 880 959 (Γ
902 874 973 959 10),
1000 871 1208 957 μετέγραψεν
1228 867 1329 937 ἄστε-

220 999 283 1060 ρον
307 979 359 1064 τῷ
386 969 418 1040 δ’
441 964 547 1039 αὖτε
567 973 837 1058 έμφατικοίτερον
865 977 1004 1059 νομίσας
1024 968 1125 1058 εἶναι,
1154 967 1330 1038 ὑπακουο-

220 1078 324 1162 μένου
346 1080 407 1142 τοῦ
430 1069 492 1159 οἶς,
512 1069 557 1152 ὡς
574 1071 671 1141 κάκεῖ
690 1075 896 1161 (καιροσέων
918 1069 950 1139 δ’
977 1071 1130 1141 ὀθονέων
1152 1069 1330 1160 ἀπολείβε-

220 1186 292 1242 ται’
315 1177 392 1265 (Od.
416 1199 437 1258 η
463 1176 547 1256 107).
582 1178 624 1240 Α.
666 1177 783 1242 Insunt
801 1177 985 1263 Didyma,
1008 1198 1204 1263 quamquam
1226 1176 1331 1241 verba

220 1278 361 1343 hominis
383 1278 456 1363 ipsa
476 1285 542 1341 non
565 1287 747 1342 servantur.

305 1381 378 1442 387.
403 1372 482 1443 οὐδὲ
505 1377 541 1444 έν
560 1367 783 1462 ἄλλαιςῆσαν
806 1380 840 1443 οί
859 1373 1093 1461 άθετοάμενοι.
1115 1377 1157 1444 A.

307 1482 380 1544 393.
400 1474 508 1557 οὕτως
530 1478 586 1546 διά
607 1485 669 1546 τοῦ
691 1504 709 1545 ο
732 1477 954 1563 ζεύγνυον.
976 1480 1018 1545 A.

763 1658 802 1726 Y.

309 1788 358 1849 12.
400 1779 508 1862 οὕτως
540 1781 596 1848 διά
627 1788 689 1849 τοῦ
721 1810 734 1850 ι
765 1777 802 1850 τό
835 1786 1015 1870 ἰδυίῃσι·
1050 1783 1105 1850 καὶ
1136 1785 1264 1850 τέλειον
1292 1784 1329 1850 τὸ

222 1890 380 1972 ποίησε.
402 1886 444 1951 A.

308 1990 359 2052 28.
381 1981 590 2071 Ἀρίσταρχος
609 1982 677 2048 καὶ
702 1985 802 2051 δέτι
820 1982 881 2070 Ιδιά
903 1991 965 2053 τοῦ
984 2013 1007 2053 ι.
1030 1987 1071 2052 A.

309 2092 359 2152 35.
379 2081 591 2171 Ἀρίσταρχος
608 2082 823 2171 κέκασται,
846 2085 887 2153 οὐ
902 2084 957 2153 διά
969 2091 1031 2153 τοῦ
1046 2112 1064 2153 ο
1079 2085 1263 2153 κέκαστο.
1287 2087 1329 2152 A.

309 2193 360 2257 57.
405 2183 538 2271 αὐτάρ
583 2188 754 2270 ἔνερθε·
803 2184 1014 2274 Ἀρίσταρχος
1051 2181 1162 2266 Ἰακοῖς
1201 2182 1331 2273 αὐτὰρ

223 2294 361 2378 νέρθε.
400 2291 442 2356 Α.

310 2397 361 2457 59.
394 2391 702 2466 πολυπίδακος·
738 2384 846 2467 οὕτως
862 2384 1072 2477 Ἀρίσταρχος
1094 2394 1332 2458 πολυπίδα-

225 2518 312 2578 κος,
333 2487 427 2560 ἄλλοι
450 2491 486 2558 δέ
511 2489 818 2557 πολυπιδάκου.
837 2493 879 2558 A.

310 2598 361 2660 62.
395 2584 508 2661 άλτο·
542 2594 579 2659 έν
601 2586 691 2681 ἄλλφ
714 2582 837 2677 άρτο.
872 2589 981 2674 οὕτως
1003 2596 1058 2662 καί
1081 2591 1102 2681 ἡ
1125 2600 1333 2661 Μασσαλιω-

225 2691 310 2780 τική.
332 2696 374 2761 A.

311 2802 363 2862 77.
397 2795 570 2881 μάλιστά
598 2822 658 2883 γε·
688 2792 899 2882 Ἀρίσταρχος
924 2793 1104 2882 μάλιστά
1132 2795 1164 2882 έ,
1190 2794 1332 2882 μάλιστα

225 2892 340 2964 αὐτόν.
360 2898 402 2963 A.

311 3002 369 3064 84.
387 2993 495 3076 οὕτως
515 2995 572 3064 διὰ
593 3003 655 3064 τοῦ
677 3026 689 3065 ι
711 2994 894 3083 ὑπίσχεο.
916 3000 957 3063 Α.

313 3104 383 3165 114.
403 3095 613 3184 Ἀρίσταρχος
634 3096 672 3166 τὸ
692 3094 713 3185 ἡ
733 3095 868 3186 ἄρθρον
890 3099 1066 3184 ἐκδέχεται.
1085 3100 1276 3184 Ζηνόδοτος
1297 3103 1333 3169 δέ

208 3200 426 3286 ’περιέσπασε
448 3199 504 3265 καὶ
525 3199 699 3285 έυίλωσεν,
723 3201 812 3285 ῥῆμα
835 3197 1062 3286 ἐκδεξάμενος,
1084 3197 1206 3286 ὁμοίως
1228 3208 1273 3292 τῷ
1295 3195 1334 3288 εἦ

226 3302 282 3369 καὶ
302 3301 502 3388 κυανέησιν’
531 3306 576 3388 (A
599 3302 676 3389 528)
700 3299 756 3367 καί
774 3295 858 3367 ὅλον
882 3295 942 3365 τὸν
963 3306 1077 3385 στίχον
1095 3317 1282 3389 μεταποιεῖ,
1313 3296 1335 3389 ἦ

226 3397 259 3468 δ’
285 3396 439 3487 ἄμυδις
463 3401 673 3467 καλέσασα
697 3398 830 3480 θεοὺς
859 3404 950 3488 ῥεῖα
980 3399 1181 3487 ζώοντας,
1209 3406 1275 3487 ἔφη
1297 3402 1335 3470 δὲ

228 3506 274 3582 είς
296 3503 334 3568 ἓν
354 3508 594 3587 σνναγαγοῦσα
612 3501 692 3582 τούς
712 3500 827 3582 θεούς.
851 3497 997 3587 ἠγνόησε
1020 3505 1068 3588 δέ,
1091 3499 1136 3583 ὡς
1157 3500 1174 3569 ὁ
1196 3502 1336 3589 ποιητὴς

227 3600 269 3669 οὐ
289 3607 406 3689 χρῆται
426 3609 472 3693 τῷ
493 3594 515 3690 ἦ
536 3603 655 3690 ῥήματι
677 3604 715 3669 έν
737 3599 821 3690 άρχῇ
838 3600 961 3689 λόγου,
984 3599 1068 3672 ἄλλά
1090 3616 1159 3684 τοῖς
1180 3607 1336 3692 ῥηθεῖσιν

226 3703 378 3788 ἐπιλέγει.
420 3703 475 3769 καί
502 3702 611 3794 τούτῳ
639 3729 677 3788 γε
698 3701 777 3790 παρ’
803 3701 893 3793 αὐτῷ
915 3708 1068 3789 διαφέρει
1090 3711 1153 3772 τοῦ
1174 3709 1255 3792 ἔφη,
1283 3702 1335 3773 ὅτι
1452 3773 1457 3783 ,

226 3801 263 3869 τό
286 3801 349 3888 μέν
370 3805 425 3872 καί
448 3804 664 3893 προτάττεται
684 3807 740 3871 καί
762 3800 991 3873 ὑποτάττεται.
1021 3803 1232 3896 Ἀρίσταρχος
1255 3806 1334 3893 δέη

227 3901 261 3970 δ’
284 3901 436 3990 ἄμυδις
453 3903 657 3992 στήσασα,
679 3907 734 3972 καί
755 3909 793 3972 αί
812 3914 972 3974 πλεῖσται.
994 3911 1036 3975 A.
1058 3910 1123 3998 [V.]

314 4007 384 4071 138.
426 4003 597 4092 ἄρχωσι·
625 4003 837 4093 Ἀρίσταρχος
858 4014 1032 4095 προκρίνει
1061 4007 1123 4095 τὴν
1145 4007 1201 4077 διά
1222 4014 1285 4076 τοῦ
1305 4034 1331 4075 ω

225 4103 378 4192 γραφήν,
410 4103 617 4192 γράφεσθαι
636 4109 677 4174 δέ
705 4126 788 4193 φησι
816 4111 872 4175 καί
886 4107 951 4195 ιδιά
978 4115 1041 4176 τοῦ
1061 4135 1082 4196 η
1104 4108 1256 4199 ἄρχησιν.
1290 4111 1332 4177 A.

313 4312 383 4374 156.
403 4303 614 4395 Ἀρίσταρχος
627 4302 739 4389 Ἰαιιως
760 4308 836 4397 λάμ
843 4283 953 4379 πετο.
967 4274 1018 4377 A.
