2948 5024
600 418 791 479 —P—
1189 425 1246 486 161

139 575 284 664 ήθέτηκε
306 574 458 655 τούτους.
482 575 677 663 παράλογον
697 580 762 665 γάρ
783 576 844 647 τόν
863 576 997 667 ἀιιενθή
1018 587 1156 649 τοιαῦτα
1173 587 1249 651 δια-

92 763 94 767 .
138 689 324 746 κονεῑσθαι.
360 678 429 743 Α.

223 785 295 845 707.
318 774 370 845 οὔ
382 778 440 845 ’νά
460 804 540 845 τοι·
559 776 770 866 Ἀρίσταρχος
792 778 843 847 οὔ
861 779 913 848 νά
933 805 1003 850 τοι.
1022 788 1064 850 A.

219 888 292 946 774.
311 877 522 966 Ἀρίσταρχος
544 880 600 945 διά
621 885 683 946 τοῦ
704 906 725 946 α
745 877 1033 967 ἀστυφέλιξεν.
1057 888 1099 951 A.

216 988 288 1047 775.
310 977 551 1066 Ἀρίσταρχοςό
572 976 604 1047 δ’
624 981 666 1047 έν
683 981 983 1071 στροφάλιγγι,
1004 981 1071 1051 οὐν
1088 990 1135 1076 τῷ
1150 1011 1181 1053 ν.
1202 991 1245 1053 Α.

221 1086 293 1147 810.
327 1081 445 1148 τότε·
472 1078 528 1147 διά
549 1087 611 1148 τοῦ
632 1106 651 1148 τ
673 1086 710 1149 αί
729 1079 946 1172 Ἀριστάρχου
965 1085 1084 1174 τότε,
1114 1084 1159 1166 ὡς
1180 1095 1248 1154 τῶν

137 1183 213 1250 τότε
234 1181 452 1267 μελετώντων
473 1179 535 1266 τήν
555 1182 715 1269 τοιαύτην
734 1180 888 1273 ἀσκησιν,
910 1182 996 1254 ὥστε
1006 1183 1069 1254 τόν
1083 1184 1248 1254 ἀντελαύ-

137 1310 241 1352 νοντα
264 1279 536 1366 ἀνατρέψαιάιιό
559 1288 620 1349 τοῦ
642 1279 814 1370 ὀχήματος.
838 1289 879 1352 A.

224 1389 295 1451 842.
319 1380 428 1463 οὕτως
448 1381 504 1450 διὰ
523 1389 584 1450 τοῦ
608 1409 634 1470 ε,
657 1403 701 1451 σε
722 1389 922 1472 προσέφη.
938 1390 980 1452 A.

224 1489 296 1553 854.
319 1487 356 1552 έκ
374 1483 525 1570 πλήρους
545 1479 582 1551 τό
607 1486 787 1569 δαμέντα
806 1481 1027 1573 Ἀρίσταρχος.
1059 1493 1101 1556 A.

223 1591 296 1654 858.
319 1582 376 1653 διὰ
397 1591 459 1653 τοῦ
482 1611 502 1672 η
524 1582 562 1652 τό
584 1591 801 1671 τεθνηῶτα
820 1583 1040 1674 Ἀρίσταρχος.
1060 1592 1101 1655 A.
1204 1612 1206 1615 ·

677 1764 715 1832 P.

223 1895 274 1956 20.
298 1887 541 1978 πορδάλιος·
563 1889 619 1956 διὰ
642 1895 704 1957 τοῦ
726 1916 747 1957 α
769 1895 806 1958 αί
819 1888 1046 1980 Ἀριστάρχου.
1066 1898 1108 1963 A.

225 1987 401 2073 mmm
422 1991 454 2077 5⁰
477 1987 533 2057 διά
555 1996 617 2058 τοῦ
637 1991 675 2058 τέ
696 1988 796 2059 οόδέ
813 2019 855 2060 τε
873 1990 1094 2082 Ἀρίσταρχος.
1114 2001 1156 2064 Α.

229 2092 291 2180 [34.
321 2096 359 2158 έν
386 2110 452 2159 τισι
482 2098 552 2160 τάν
578 2088 829 2180 ὑπομνημάτων
853 2087 875 2181 ή
904 2095 1002 2181 τάχα
1022 2092 1160 2179 τίδεις.
1189 2101 1244 2188 V.]

141 2193 328 2259 01Ε857
359 2201 457 2262 Η95
491 2199 582 2262 (081
616 2203 718 2263 1700
749 2203 842 2265 1146
875 2203 910 2264 Ν
939 2204 1000 2264 115
1032 2202 1158 2276 Ξ210.
1185 2205 1247 2266 397

138 2300 244 2361 1176.

225 2403 276 2461 41.
309 2393 382 2462 κατ’
411 2401 483 2464 ἔνια
510 2399 546 2466 δέ
576 2403 646 2464 τῶν
672 2395 925 2486 ὑπομνημάτων
952 2402 1008 2468 διὰ
1036 2405 1098 2469 τοῦ
1125 2424 1151 2468 ιτ
1184 2374 1249 2468 έπί

140 2495 290 2586 δηρόν,
313 2495 436 2585 ὁμοίως
453 2507 499 2589 τῷ
521 2498 723 2585 (έπὶδηρόν
746 2501 787 2566 δέ
800 2526 856 2585 μοι
879 2502 980 2569 αἰῶν’
1005 2509 1040 2587 (Ι
1056 2505 1144 2588 415).
1163 2507 1205 2568 A.

226 2604 278 2667 42.
297 2597 509 2689 Ἀρίσταρχος
530 2595 704 2687 ἀμφότερα
726 2597 782 2667 διὰ
803 2608 865 2670 τοῦ
887 2606 919 2688 δ,
942 2599 1001 2689 ἠδ’
1027 2598 1154 2688 ἀλκῆς
1176 2599 1248 2689 ήδὲ

140 2701 305 2788 φόβοιο.
334 2705 377 2770 A.

225 2810 276 2870 44.
301 2799 598 2889 χαλκόςῂοότοις
613 2797 835 2891 Ἀρίσταρχος,
856 2800 904 2871 ἵν’
924 2795 1166 2895 ήέιτιδορατίς·
1189 2799 1249 2871 ἀλ-

141 2911 193 2971 λοι
216 2906 257 2972 δὲ·
273 2903 436 2991 χαλκόν.
458 2907 531 2970 AV.
783 2952 784 2957 η

227 3012 278 3072 54.
323 3006 513 3091 Ζηνόδοτος
541 3003 597 3073 διά
625 3009 686 3072 τοῦ
718 3030 736 3071 ο
770 3002 1075 3094 ἀναβέβροχεν,
1107 3001 1153 3085 άς
1183 3008 1254 3072 ἐκεῖ

141 3101 233 3173 εἀλλ’
262 3103 312 3174 ὅτ’
337 3104 532 3195 ἀναβρόξειε
552 3106 743 3192 θαλάσσης’
767 3109 901 3196 (Odyss.
921 3133 944 3193 μ
967 3110 1055 3195 240).
1077 3109 1119 3174 Α.

227 3213 279 3275 95.
301 3207 511 3297 Ἀρίσταρχος
531 3207 586 3278 διά
609 3214 711 3295 τοόη
734 3209 997 3294 τεριστήοισι.
1020 3213 1062 3277 A.

231 3315 300 3377 103.
324 3312 464 3391 ίόντες
482 3312 673 3399 Ζηνόδοτος
692 3309 805 3378 ίόντε
827 3312 962 3390 δυίκάς.
987 3313 1029 3378 A.

228 3416 404 3480 134-136.
439 3412 529 3500 ιιαρά
552 3413 731 3502 Ζηνοδότφ
763 3415 818 3479 καί
853 3413 890 3479 έν
918 3418 959 3500 τῇ
980 3417 1045 3500 Χία
1070 3408 1134 3478 οόκ
1166 3403 1250 3496 ήσαν

142 3511 224 3593 osy
252 3516 367 3595 στίχοι.
407 3521 487 3593 ίσως
509 3516 613 3600 φασὶν
635 3519 735 3593 έυιοι,
754 3511 815 3609 ότι
842 3517 875 3581 οί
895 3511 1035 3599 ἀρσενες
1057 3511 1190 3589 λέοντες
1208 3505 1250 3576 οά

146 3619 462 3698 σκυμναχοιγοῦσιν,
485 3611 567 3682 ἀλλά
587 3614 722 3700 θήλειαι
740 3616 852 3701 μόναι.
892 3611 975 3679 κατά
997 3615 1033 3679 δὲ
1055 3608 1093 3677 τό
1114 3607 1252 3695 ἀρσενι-

143 3705 205 3772 κὸν
226 3709 282 3773 καὶ
302 3708 356 3774 έτιί
377 3717 435 3796 τῆς
453 3719 591 3797 θηλείας
615 3716 766 3780 τέτακται
790 3711 807 3779 ὁ
828 3719 913 3780 λέων
936 3713 991 3778 καὶ
1011 3715 1103 3778 ἔστιν
1124 3711 1252 3778 έπίκοι-

142 3831 215 3873 νον.
250 3810 319 3873 ἔστι
342 3807 407 3896 γάρ
431 3835 506 3876 τινα
528 3808 677 3897 ὀνόματα
700 3810 871 3896 άρσενικά,
893 3808 916 3877 ά
936 3813 991 3877 καὶ
1012 3811 1066 3876 έιιὶ
1087 3815 1251 3895 θηλυκῶν

142 3907 309 3994 τάσσεται,
331 3910 386 3977 καί
406 3910 553 3998 θηλυκά,
577 3905 601 3978 ά
622 3911 676 3976 καὶ
697 3913 752 3977 ἐπ’
774 3906 974 3997 ἀρσενικοῐν,
997 3903 1072 3977 οἷον
1085 3911 1175 3997 ίέριιξ
1190 3909 1253 3995 μέν

142 4011 197 4077 καί
220 4006 273 4077 ἐπ’
298 4006 440 4097 άρσενος
466 4014 521 4081 καὶ
542 4015 681 4100 θηλείας
701 4009 872 4097 τάσσεται,
900 4008 1062 4097 πάρδαλις
1080 4009 1117 4077 δὲ
1141 4016 1252 4094 θηλυ-

144 4109 207 4178 κόν
229 4108 337 4198 ὄνομα
359 4114 415 4181 καὶ
437 4109 491 4180 ἐπ’
512 4110 694 4200 ἀρσενικοῦ
709 4119 848 4182 τίθεται.
871 4109 1000 4180 οὐκοῦν
1018 4107 1100 4177 κατά
1114 4108 1176 4194 μὲν
1190 4104 1253 4194 τήν

143 4207 308 4300 ἡμετέραν
329 4214 520 4301 συνήθειαν
540 4217 628 4283 λέων
649 4218 712 4302 μὲν
734 4217 862 4299 λέγεται
884 4208 902 4280 ὁ
921 4208 1046 4299 ἅρσην,
1079 4212 1195 4277 λέαινα
1216 4207 1254 4276 δὲ

143 4312 164 4399 ή
186 4314 324 4402 θήλεια·
362 4315 445 4384 κατὰ
469 4316 505 4383 δὲ
527 4316 587 4384 τόν
599 4316 751 4404 Ὅμηρον
772 4312 871 4401 μήτοι
894 4316 939 4401 (1)
961 4310 1024 4400 τήν
1045 4313 1183 4381 λέαιναν
1205 4318 1255 4378 εί-

196 4441 353 4486 οιονιιυο.
1008 4414 1044 4475 11
