2948 5024
226 385 285 444 150
678 383 883 442 -N-

308 551 380 614 485.
415 543 523 624 οὕτως
551 547 587 610 αί
619 543 836 630 Ἀριστάρχου
875 541 931 611 διά
960 549 1022 611 τοῦ
1058 569 1082 611 τι
1118 544 1181 611 έκί
1209 550 1342 634 θυμῷ,

226 649 300 718 άντὶ
328 654 390 717 τοῦ
418 649 467 715 ε’νί
486 634 597 736 θυμῷ.
628 648 683 713 καί
704 652 808 714 πᾶσαι
832 643 941 726 οὕτως
963 642 1064 731 εἶχον.
1087 645 1143 712 καὶ
1165 648 1203 712 έν
1221 642 1343 713 Ὀδυσ-

226 759 299 842 σείᾳ
325 755 370 818 ἐί
395 747 460 836 γάρ
488 747 576 834 έγοόν
611 746 700 815 οὕτω
729 751 804 829 νέος
833 756 906 834 εἴην
935 753 980 837 τῷ
1011 745 1044 815 δ’
1070 748 1123 814 &uz
1152 752 1271 837 θυμῷ’
1303 753 1343 839 (τι

227 858 293 945 99).
317 851 506 939 Ζηνόδοτος
524 850 561 918 δὲ
585 848 811 938 ὁμηλικίην
832 851 899 920 σὺν
920 856 966 940 τῷ
987 876 1009 917 ν
1031 853 1189 937 ἔγραφεν.
1212 856 1254 919 A.

311 959 384 1021 499.
406 955 551 1039 ἔξοχον
573 950 725 1020 ἄλλων·
747 950 856 1034 οὕτως
876 953 933 1020 διά
951 957 1013 1018 τοῦ
1034 976 1055 1017 ν
1077 954 1224 1037 ἔξοχον
1254 948 1340 1019 άπα-

228 1075 292 1124 σαι.
316 1059 359 1123 Α.
380 1057 428 1136 [οί
446 1054 482 1121 δέ
505 1057 643 1140 ἔξοχοι
663 1052 816 1140 ἄλλων,
842 1058 876 1120 ολ
896 1056 932 1121 δέ
951 1057 1101 1139 ἔξοχον
1123 1049 1265 1133 ἄλλως.
1288 1057 1343 1133 V.]

311 1162 384 1224 592.
411 1153 634 1241 πρῶτοςῂη
662 1154 933 1240 Ἀριστοφάνειος
961 1153 1167 1241 πρόσθεν·
1198 1156 1253 1222 καὶ
1279 1155 1345 1242 μη-

229 1283 310 1328 τιοτε
327 1261 469 1346 βέλτιον.
493 1255 657 1343 πρότερος
679 1256 744 1344 γάρ
763 1254 806 1327 άν
827 1256 929 1327 εἶπεν.
949 1263 991 1327 Α.
1361 1284 1363 1286 ·

311 1368 384 1428 541.
407 1356 516 1439 οὕτως
535 1357 747 1448 Ἀρίσταρχος
767 1363 867 1448 χωρίς
888 1365 950 1429 τοῦ
973 1389 993 1427 ι.
1023 1363 1109 1427 ἔνιοι
1134 1357 1174 1456 Ιδὲ
1196 1363 1344 1427 Αίνεί·

123 1483 127 1491 “
229 1490 275 1543 ας
296 1458 329 1530 δ’
349 1458 540 1549 Ἀφαρῆα.
561 1466 603 1530 A.

316 1570 389 1631 546.
411 1560 505 1631 άπό·
529 1565 717 1651 Ζηνόδοτος
739 1562 818 1632 διά.
848 1565 889 1632 A.

311 1671 385 1731 551.
410 1664 600 1750 Ζηνόδοτος
629 1667 685 1732 καί
712 1663 955 1750 Ἀριστοφάνης
986 1661 1042 1731 διά
1070 1668 1132 1730 τοῦ
1158 1688 1179 1728 α
1211 1685 1345 1748 καρα-

232 1771 332 1835 σταδ
340 1764 396 1833 όν.
418 1769 460 1834 A.

316 1872 389 1935 584.
412 1866 668 1956 όμαρτητην·
691 1862 1178 1956 Ἀρίσταρχοςόμαρτήδην,
1200 1860 1246 1946 ὥς
1262 1866 1347 1953 τμη-

234 1973 307 2056 δην.
331 1973 374 2037 A.

318 2075 390 2136 594.
428 2066 537 2149 οὕτως
572 2061 594 2158 ᾖ
630 2068 662 2158 δ’
705 2074 722 2137 ἒ
728 2096 771 2156 χε
801 2069 882 2156 μετά
915 2076 978 2138 τοῦ
1011 2098 1023 2137 ι
1060 2073 1097 2137 αί
1119 2067 1346 2154 Ἀριστάρχου.

234 2175 304 2238 ἔστι
326 2171 402 2256 γάρ,
425 2168 505 2238 καθ’
531 2166 551 2238 ό
570 2178 670 2257 μέρος
693 2184 853 2259 κατεῖχεν,
874 2168 920 2252 ὥς
936 2173 989 2239 έπί
1010 2178 1072 2240 τοῦ
1093 2163 1128 2260 (ᾖ
1150 2167 1184 2259 δ’
1212 2174 1262 2237 ίδε
1284 2197 1346 2256 γυ·

234 2276 424 2358 μνωθέυτα’
456 2276 510 2363 (ΙΙ.
540 2281 582 2341 M
609 2277 695 2364 389).
725 2273 813 2352 τινὲς
839 2274 876 2341 δὲ
910 2273 995 2341 άνευ
1025 2279 1086 2340 τοῦ
1118 2302 1130 2341 ι
1158 2272 1348 2358 γράφοντες
1375 2318 1379 2324 ·

235 2372 289 2461 ἐφ’
309 2372 396 2460 ὅλης·
413 2381 471 2461 τῆς
491 2373 601 2461 χειρός
620 2379 773 2462 δέχονται
792 2375 829 2444 τό
846 2376 1041 2462 λεγόμενον,
1064 2373 1127 2461 την
1142 2377 1349 2460 κατέχουσαν

234 2476 272 2546 τό
296 2476 395 2557 τόξον
416 2490 517 2563 χεῖρα.
540 2482 583 2546 A.

322 2584 396 2645 599.
417 2580 657 2669 έῦστρόφφ·
685 2577 897 2665 Ἀρίσταρχος
930 2583 1179 2665 ἐϋστρεφεῖ,
1211 2575 1256 2658 ὦς
1282 2576 1347 2648 dud

236 2686 298 2747 τοῦ
319 2682 516 2768 έδστρεφής.
539 2686 582 2750 A.
905 2732 909 2737 .,
1067 2712 1072 2720 ·

321 2789 393 2851 609.
417 2784 486 2850 καί
514 2785 698 2850 έέλττετο·
722 2781 912 2867 Ζηνόδοτος
933 2783 1038 2865 μέγα
1060 2776 1093 2846 δ’
1117 2777 1279 2864 ἤλπετο.
1304 2785 1347 2849 A.

323 2878 395 2951 613.
417 2886 631 2970 ἐφίκοντο·
654 2881 762 2961 οὕτως
781 2879 1006 2967 Ἀρίσταρχος·
1030 2878 1126 2947 ἄλλοι
1148 2879 1185 2948 δέ
1205 2880 1350 2968 ἀφίκε-

236 2993 353 3052 σδον.
374 2982 616 3070 Ἀριστοφάνης
636 2986 674 3052 δέ
689 2981 938 3069 άφικέσθην.
961 2985 1003 3050 A.

322 3093 396 3153 617.
419 3082 529 3165 οὕτως
547 3089 673 3153 πέσον
695 3088 732 3152 αί
749 3082 965 3170 Ἀριστάρχου
988 3081 1045 3152 διά
1066 3090 1129 3151 τοῦ
1153 3110 1189 3169 ο,
1219 3080 1264 3165 ὥς
1283 3087 1353 3152 έκεί

239 3181 298 3264 ’τός
318 3191 388 3252 τῶν
412 3188 449 3253 ἐκ
470 3193 593 3274 χειροῖν
615 3191 713 3275 βέλεα
730 3188 832 3275 ῥέον.
856 3193 913 3274 (Μ
934 3191 1007 3276 159)
1030 3191 1072 3255 A.
1125 3260 1131 3265 ,

323 3292 396 3354 627.
421 3286 512 3374 παρ’
535 3285 655 3377 αὐτῇ·
690 3294 790 3375 διχῶς
821 3291 859 3356 αί
871 3286 1107 3375 Ἀριστάρχου,
1137 3289 1268 3358 καίδιά
1289 3298 1351 3357 τοῦ

239 3415 266 3477 ε,
289 3414 364 3474 περ
385 3386 497 3479 αὐτῇ.
522 3392 563 3459 A.

318 3497 391 3560 657.
412 3487 636 3574 Ἀπολλώνιος
657 3489 676 3560 ό
700 3491 825 3573 Ῥόδιος
853 3496 891 3560 έν
919 3498 967 3584 τῷ
989 3489 1074 3578 πρὸς
1094 3491 1289 3578 Ζηνόδοτον
1314 3494 1354 3573 ές

238 3596 394 3679 δίφρον
415 3588 658 3674 ἀναθέντες.
680 3599 722 3663 A.

319 3697 393 3759 692.
413 3691 503 3777 οὕτω
526 3697 672 3780 Μέγης
695 3699 756 3776 ἔξω
777 3701 839 3762 τοῦ
861 3696 908 3762 τέ.
934 3692 976 3762 οό
997 3693 1063 3780 γάρ
1089 3698 1266 3782 Φυλείδης.
1287 3698 1330 3762 Α.

325 3799 397 3862 792.
427 3794 558 3863 ἵστατ’
588 3795 655 3865 ἆτ’
687 3805 884 3877 Αἴαντος·
915 3798 1106 3882 Ζηνόδοτος
1132 3794 1262 3882 χάζετ’
1289 3792 1351 3864 ἀπ’

239 3905 271 3963 A
280 3903 432 3977 ίαντος.
456 3901 499 3965 A.

323 4004 409 4078 [795.
433 3997 566 4080 κολός
584 3997 617 4067 δ’
640 3997 882 4086 ἀνακηκίει·
908 4000 1008 4086 χωρίς
1035 4004 1097 4065 τοῦ
1118 4001 1167 4066 δέ
1183 4004 1220 4068 αἱ
1238 4006 1351 4067 πᾶσαι.

239 4102 293 4178 V.]
317 4100 415 4184 χωρὶς
434 4106 495 4167 τοῦ
518 4126 539 4167 ν
561 4099 777 4186 άνεκηκίει
807 4105 861 4168 καί
880 4101 937 4169 διά
960 4106 1020 4168 τοῦ
1039 4128 1061 4167 ι.
1083 4104 1125 4168 A.

324 4206 396 4267 713.
419 4219 510 4286 σφι·
530 4198 638 4279 οὕτως
656 4200 867 4288 Ἀρίσταρχος
887 4205 987 4288 χωρίς
1009 4207 1071 4269 τοῦ
1093 4227 1126 4288 ν,
1149 4223 1238 4287 σφι·
1262 4197 1353 4286 Ἀρι-

241 4300 411 4386 στοφάνης
433 4298 470 4366 δέ
492 4299 558 4367 σόν
577 4307 624 4390 τῷ
640 4329 670 4368 ν.
694 4306 737 4370 A.
