2932 5002
240 381 303 443 352

237 547 359 629 χρῆσιν
371 544 404 621 έξ
412 537 674 628 Ἐρατοσθένους
683 547 746 610 τοῦ
758 546 820 631 (sio
831 544 891 609 RV
903 539 940 610 τὸ
952 544 998 630 A)
1008 538 1270 633 Ἀλεξανδρέτης.
1294 550 1361 616 Lo-

238 669 312 711 cum
327 645 489 732 Cyrenaei
506 647 541 710 in
557 646 764 732 Bernhardyi
778 645 1037 711 Eratosthenieis
1053 646 1176 713 frustra
1190 652 1359 737 quaesivi.

322 746 448 811 Horum
473 759 720 835 praeceptorum
742 769 805 834 quo
828 745 968 811 referam
995 749 1129 813 tertium
1149 774 1216 817 non
1237 752 1360 836 habeo,

236 850 377 937 primum
404 849 552 935 suspicor
582 847 782 934 Stephanum
809 870 827 912 e
854 851 1086 914 commentario
1114 850 1225 939 aliquo
1245 853 1360 918 rheto-

235 952 314 1032 rico,
338 950 516 1016 secundum
542 972 585 1015 ex
605 949 855 1037 hypomnematc
876 949 911 1013 in
932 952 1091 1015 comicum
1112 951 1255 1040 aliquem
1276 976 1358 1042 poe

236 1061 304 1117 tam
325 1052 600 1137 transsumpsisse.

321 1153 387 1218 Sed
406 1151 503 1236 longe
525 1153 591 1217 alia
605 1153 689 1217 ratio
703 1160 753 1217 est
769 1150 907 1216 aliorum
921 1152 1065 1219 locorum
1078 1152 1236 1240 Stephani
1250 1155 1356 1220 trium

237 1260 310 1338 655,
333 1259 363 1320 5.
389 1243 430 1317 '20
453 1257 526 1337 695,
553 1255 572 1316 3
595 1252 646 1320 ed.
664 1251 808 1317 Meinek.

514 1415 821 1510 t’Avaroant
859 1419 1052 1511 δῆμον]

321 1557 502 1645 Scriptores
525 1558 566 1622 de
583 1559 678 1644 pagis
703 1557 823 1621 Atticis
845 1565 942 1644 atque
961 1558 1033 1643 ipsa
1046 1557 1251 1623 Athenarum
1266 1559 1354 1624 urbe

235 1663 290 1749 qui
304 1660 409 1725 literis
424 1662 711 1745 consignaverunt,
728 1656 864 1722 Preller.
883 1657 1007 1722 Polem.
1026 1682 1058 1747 p.
1075 1662 1134 1721 170
1147 1677 1218 1745 sqq.
1231 1660 1352 1726 Meier.

235 1765 276 1829 de
292 1763 452 1849 Harpocr.
476 1786 508 1849 p.
521 1764 572 1825 63.
589 1765 639 1843 64,
659 1760 797 1846 Didymi
819 1782 946 1843 nomon,
968 1760 1080 1823 nescio
1101 1760 1181 1846 quid
1199 1771 1351 1845 agentes,

233 1869 268 1930 in
288 1865 417 1930 tabulas
438 1885 505 1928 non
526 1862 716 1945 retulerunt,
739 1883 934 1949 quamquam
956 1860 1139 1947 Stephanus
1154 1862 1351 1948 Byzantius,

234 1969 289 2054 qui
316 1990 347 2053 p.
372 1968 450 2047 635,
475 1962 704 2045 20M=283,
727 1963 823 2028 27W
850 1963 902 2028 his
929 1961 1039 2028 verbis
1068 1964 1098 2027 ei
1125 1965 1350 2029 testimonium

235 2067 411 2133 denunciat
435 2062 613 2146 Διόδωρος
639 2061 678 2128 dl
704 2063 760 2129 καὶ
788 2067 976 2149 Δίδυμος
1002 2069 1174 2149 Τρινεμεῖς
1195 2057 1351 2149 ἀναγρά-

234 2184 340 2251 φουσι
363 2160 424 2230 τὸν
445 2167 565 2248 δῆμον,
585 2168 796 2250 Καλλίμαχος
813 2160 933 2252 Ἑκάλῃ
958 2165 1168 2250 Τριυέμειωυ,
1187 2165 1350 2230 Chalcen-

230 2278 336 2333 terum
356 2288 485 2354 quoque
510 2266 551 2330 iis
573 2287 747 2331 accensere
766 2266 907 2350 videtur,
929 2267 985 2352 qui
1007 2267 1101 2352 pagis
1113 2267 1232 2332 Atticis
1251 2289 1349 2332 accu-

231 2381 300 2435 rate
332 2368 542 2434 recensendis
574 2389 707 2455 operam
739 2378 953 2433 navaverunt.
993 2363 1221 2452 ,Ἀναγράφειν
1246 2370 1348 2453 enim,

231 2474 323 2538 cuius
344 2470 438 2536 verbi
452 2471 724 2557 significationem
742 2469 907 2534 illustrant
918 2469 959 2533 Ο.
972 2469 1162 2538 Schneider.
1175 2469 1215 2533 de
1228 2468 1346 2534 scholl.

230 2575 334 2639 Arist.
357 2573 452 2638 fontt.
480 2594 512 2658 p.
536 2573 577 2636 92
598 2572 640 2636 A.
664 2570 792 2636 Nauck.
815 2570 983 2658 Aristoph.
1004 2571 1086 2658 Byr.
1108 2595 1141 2659 p.
1164 2573 1242 2653 237,
1269 2593 1348 2657 pro·

230 2677 337 2762 prium
354 2684 403 2739 est
421 2673 589 2758 scriptoris
612 2673 733 2739 literati
755 2673 836 2755 eius,
858 2673 932 2758 ‘qui
950 2672 1076 2736 indices
1093 2671 1252 2758 quosdam
1267 2693 1346 2737 con·

230 2776 288 2840 dat
309 2796 486 2862 eorumque
508 2774 679 2839 ordinibus
700 2774 785 2838 hano
806 2772 860 2838 vel
884 2772 975 2836 illam
992 2795 1061 2837 rem
1083 2775 1234 2838 inserat'
1278 2774 1346 2838 Ita·

230 2899 293 2963 que
315 2877 354 2941 L.
378 2876 544 2943 Prellerus
566 2877 689 2942 Polam.
709 2898 741 2962 p.
762 2879 799 2938 41
823 2897 872 2961 sq.
896 2897 914 2938 e
935 2873 1046 2940 verbis
1069 2872 1169 2939 schol.
1181 2873 1240 2938 Ar.
1252 2875 1344 2938 Avv.

231 2980 292 3041 646
317 2972 507 3060 ἀναγράφει
531 2975 568 3043 dl
595 2973 675 3054 τούς
696 2972 896 3060 ἐπωνύμους
915 2979 983 3039 τῶν
1000 2971 1121 3059 ,δήμων
1143 2971 1198 3039 καὶ
1219 2978 1346 3056 φυλῶν

229 3079 394 3161 Πολέμων
427 3078 482 3165 (fr.
514 3080 581 3165 IX)
614 3079 668 3143 vel
700 3078 877 3163 singularis
908 3077 1056 3164 opusculi
1091 3076 1143 3141 vel
1175 3075 1345 3161 amplioris

228 3179 336 3262 operis
356 3179 536 3264 particulas
553 3179 766 3267 probabiliter
788 3181 899 3244 elicuit
915 3180 1160 3265 inscriptionem
1179 3177 1346 3261 Πολέμω-

229 3300 288 3355 νος
310 3273 490 3363 ἀναγραφὴ
515 3283 584 3344 τῶν
604 3279 794 3365 ἐπωνύμων
814 3284 882 3345 τῶν
907 3279 1025 3365 δήμων
1045 3279 1100 3346 καὶ
1121 3282 1258 3362 φυλῶν,
1289 3301 1343 3344 ea-

227 3379 365 3466 demque
394 3390 451 3446 aut
477 3381 555 3447 huic
583 3381 698 3446 similis
728 3381 830 3447 fuisse
859 3383 990 3447 videtur
1015 3382 1091 3447 libri
1122 3381 1292 3467 inscriptio
1321 3402 1344 3444 a

227 3481 375 3546 Diodoro
411 3484 598 3570 compositi,
633 3482 740 3570 quode
772 3481 815 3548 of.
846 3483 983 3549 Prellsr.
1009 3484 1026 3547 1
1051 3491 1063 3547 l
1099 3507 1132 3571 p.
1162 3484 1342 3547 lto-173.

224 3583 334 3669 Atque
364 3605 535 3650 recensum
569 3583 660 3648 illum
692 3606 852 3671 pagorum
881 3582 1065 3669 Stephanus
1098 3585 1214 3648 iterum
1242 3592 1343 3670 atque

225 3686 344 3748 iterum
366 3688 529 3771 respicere
550 3685 695 3768 videtur,
725 3696 921 3773 quamquam
949 3684 1109 3772 hodieque
1131 3684 1219 3750 haud
1241 3685 1343 3749 facile

225 3786 387 3873 quispiam
408 3786 616 3871 gravioribus
638 3808 736 3872 quam
756 3809 800 3851 ex
816 3808 878 3851 usu
895 3784 988 3850 verbi
1003 3779 1216 3870 ἀναγράφειν
1227 3787 1341 3871 petitis

223 3887 424 3968 argumentis
453 3888 629 3973 redarguet
658 3909 741 3969 eum,
754 3940 757 3948 .
769 3887 826 3974 qui
854 3910 897 3952 ex
918 3887 1179 3979 hypomnematis
1199 3886 1342 3974 Didymi

223 3983 394 4051 rhetoricis
425 3988 625 4075 Stephanum
649 3988 829 4074 profecisse
858 3988 1073 4053 contenderit.
1118 3988 1230 4076 Steph.
1254 3989 1340 4076 Byz.

224 4089 296 4169 635,
319 4090 490 4171 5(==283,
515 4088 623 4170 13Wt
652 4085 969 4171 Τρικόρυνθον·
994 4084 1181 4171 οὐδετέρως
1200 4092 1343 4176 Δίδυ-

223 4209 298 4271 μος
317 4189 372 4253 καὶ
393 4186 587 4274 Διόδωρος,
617 4187 801 4269 Διονύσιος
823 4186 1026 4275 ἀρσενικῶς,
1053 4187 1239 4276 Εὐφορίων
1268 4200 1341 4277 θη-

221 4291 342 4366 λυκοῖς.
376 4290 445 4357 ἔστι
466 4291 504 4357 δὲ
528 4293 633 4374 δῆμος
654 4296 713 4375 τῆς
731 4295 911 4371 Αἰαντίδος
931 4297 1052 4377 φυλῆς.
1077 4289 1339 4380 [Τρικόρννθον
