2962 5018
795 562 847 623 45.

352 678 432 741 1369
460 676 586 761 (1363).
622 671 915 758 Σύμμαχος-
936 677 1120 759 Δίδυμος
1142 674 1197 740 δέ·
1224 669 1298 740 ἀντὶ
1319 678 1378 759 τῆς

261 777 426 864 πτέρυγος
442 770 565 841 άσπίδα
578 775 718 841 δίδωσιν
741 770 843 864 αύτῷ,
864 770 938 841 άντί
954 773 991 842 δέ
1005 782 1067 842 τού
1082 774 1255 861 πλήκτρου
1270 780 1375 860 ξίφος.

261 870 347 965 ήλθε
377 876 442 962 γάρ
475 874 520 955 ύς
551 872 746 965 άλεκτρυων
775 882 1008 964 πτερωθῆναι,
1041 879 1113 945 ἐπεὶ
1143 878 1266 965 έχελνοι
1296 875 1378 954 τούς

261 981 405 1068 πατέρας
427 978 623 1046 τύπτουσιν.
1324 992 1326 995 ’

791 1104 842 1164 46.

348 1213 819 1298 1379.τίδεύροπόδασύ
836 1213 1011 1284 κνλλόν·
1037 1210 1160 1293 άλλως·
1184 1219 1377 1300 Δίδυμος

261 1319 323 1407 μὲν
336 1320 473 1403 κύκλον,
488 1318 558 1383 ἐπεὶ
581 1322 730 1383 κυκλίων
749 1316 907 1407 ᾀσμάτων
920 1315 1060 1402 ποιητής
1082 1318 1161 1383 ἐστι.
1185 1315 1312 1384 κυλλὸν
1325 1319 1374 1398 δέ,

261 1425 332 1490 ἐπεὶ
353 1422 459 1507 χωλός
480 1421 581 1486 έστιυ.
602 1427 729 1504 εἴρηται
752 1421 789 1486 δὲ
811 1421 888 1507 περὶ
909 1417 1017 1486 αύτοῦ
1033 1422 1069 1485 έν
1085 1419 1280 1504 Βατράχοις.
1302 1414 1376 1483 ὁδε

258 1520 486 1608 Ἀριστοτέλης
508 1524 545 1588 έν
567 1535 638 1600 ταῖς
659 1526 899 1601 Διδασκαλίαις
927 1521 991 1587 δύο
1011 1521 1094 1606 φησὶ
1117 1522 1308 1605 γεγονέναι·
1330 1559 1376 1572 ν-

260 1626 445 1712 Σύμμαχος
471 1621 595 1703 οὕτως·
631 1621 826 1711 Εὐφρόνιος
854 1625 909 1690 καὶ
933 1622 999 1690 κτέ.
1043 1625 1097 1690 De
1119 1623 1272 1690 hocloco
1293 1623 1376 1709 quid

260 1740 401 1811 statuam
421 1729 528 1794 dicam
547 1727 645 1792 infra.
791 1816 830 1875 47

349 1934 429 1995 1528
455 1932 580 2017 (1520).
601 1924 816 2011 Ἰλλυριοί·
838 1931 1038 2014 Δίδυμος,
1061 1923 1173 2011 ὥσπερ
1195 1925 1373 2013 βάρβαροι.

260 2034 425 2100 ἀνέπλασε
454 2030 493 2097 δέ
517 2055 549 2096 τι
574 2031 671 2115 γένος
697 2035 790 2095 θεῶν
813 2029 996 2116 βαρβάρων
1022 2034 1219 2116 Τριβαλλῶν
1241 2024 1376 2095 άνωτα-

261 2161 321 2202 τον
344 2130 531 2223 (ἀνώτερον
550 2132 620 2197 MS.
641 2133 779 2219 Bentl.),
801 2124 876 2198 οἷον
897 2127 1009 2214 ὥσπερ
1025 2132 1078 2198 ἐπὶ
1096 2136 1165 2198 των
1179 2127 1377 2213 ἀνθρώπων

262 2235 416 2323 βάρβαρα
447 2239 532 2321 ἔθνη
565 2235 768 2321 πορρωτάτω
796 2234 1033 2319 καθεστήκασι.
1073 2235 1148 2316 περὶ
1176 2232 1212 2298 δὲ
1235 2232 1376 2322 Θρᾴκην

262 2341 346 2407 είσὶν
368 2341 403 2406 οί
418 2334 581 2426 Ἰλλυριοί.

790 2493 842 2556 18.

349 2616 430 2679 1684
456 2613 582 2701 (1677).
622 2608 689 2674 καί
722 2607 894 2693 μεγάλα·
932 2607 994 2692 τήν
1019 2605 1125 2692 καλήν
1145 2607 1201 2673 καί
1225 2609 1377 2694 μεγάλην

262 2722 443 2784 Βασιλείαν
467 2727 597 2800 γαμεῖν.
629 2707 719 2777 οὕτω
737 2713 933 2795 Δίδυμος.

792 2885 845 2947 49.

349 3006 431 3067 1687
460 3004 583 3090 (1686).
608 2996 747 3087 ὥσπερ
767 3003 810 3066 αί
828 2997 1062 3084 χελιδόνες·
1084 2998 1311 3085 Σύμμαχος
1332 3041 1377 3050 -

260 3100 336 3169 όδέ
354 3105 543 3186 Δίδυμος
565 3099 670 3169 ούτω·
696 3102 908 3187 καταλλήλως
932 3099 1028 3187 εἶχεν,
1053 3105 1083 3168 εί
1103 3104 1228 3185 ἔλεγεν,
1251 3095 1295 3180 ὡς
1316 3099 1378 3180 τὰς

261 3203 444 3289 χελιδόνας.
473 3205 566 3270 θέλει
588 3204 624 3269 δὲ
647 3205 770 3289 λέγειν,
795 3209 825 3271 εί
845 3201 889 3288 μή
910 3206 1035 3290 βαδίζει
1058 3199 1142 3285 πρός
1165 3203 1224 3281 τὰς
1241 3204 1375 3286 χελιδό-

261 3332 331 3384 νας.
354 3304 408 3371 διό
432 3308 487 3371 καὶ
506 3306 647 3373 ἐποίσει·
679 3304 808 3373 ούκούν
828 3310 1039 3388 παραδοῦναι
1061 3317 1132 3382 ταῖς
1151 3305 1297 3388 χελιδόσι
1318 3304 1377 3370 λε’-

260 3432 322 3493 γει.
351 3403 465 3492 ἐπειδή
492 3409 548 3474 καί
576 3403 680 3487 αύτδς
709 3403 795 3491 πρός
816 3401 919 3486 αύτόις
941 3409 1065 3493 βαδίζει
1089 3409 1135 3484 είς
1155 3411 1377 3490 Νεφελοκοκ-

131 3564 135 3571 ,
260 3515 393 3595 κυγίαν.

788 3597 839 3660 50.

346 3716 437 3779 1711.
459 3707 480 3798 ή
502 3717 668 3798 γλῶσσα
689 3717 833 3798 χωρίς·
857 3709 1093 3796 Σύμμαχος.
1116 3749 1158 3763 -η
1181 3712 1378 3794 Δίδυμος

260 3812 314 3879 δέ·
338 3814 376 3879 έν
394 3826 465 3892 ταῖς
485 3819 623 3892 θυσίαις
646 3813 746 3900 χωρὶς
768 3808 788 3898 ή
810 3817 945 3898 γλῶσσα
965 3814 1129 3897 ἐτέμνετο,
1150 3807 1193 3877 ού
1209 3812 1289 3895 μετά
1305 3815 1376 3876 τῶν

259 3911 373 3980 ἄλλων
405 3914 616 3999 σπλάγχνων.
657 3916 713 3979 καὶ
738 3910 899 4000 Ὅμηρος·
942 3912 1036 3982 ’ἀλλ’
1062 3911 1122 3999 άγε
1142 3912 1286 3998 τάμνετε,
1312 3911 1378 3996 μὲν

260 4015 434 4100 γλώσσας)
457 4016 589 4099 ἐγένετο
612 4015 649 4080 δέ
669 4021 770 4082 τοῦτο
789 4012 835 4082 δι’
857 4013 963 4100 ἄλλην
983 4021 1102 4099 αἰτίαν,
1115 4011 1224 4093 ούτως
1238 4015 1274 4079 δὲ
1289 4011 1376 4099 βού-

260 4124 351 4182 λεται
374 4117 494 4199 λέγειν,
515 4112 567 4182 ότι
588 4115 752 4202 ἐξεβλήθη
772 4117 809 4182 έκ
821 4123 889 4183 τῶν
912 4115 1113 4202 σπλάγχνων
1135 4112 1191 4183 διὰ
1210 4109 1290 4188 τούς
1303 4111 1376 4197 ῥή-

259 4241 359 4297 τορας
387 4211 407 4300 ή
436 4221 588 4301 γλωσσα,
623 4218 694 4283 ἐπεὶ
719 4217 824 4304 ταύτη
854 4217 934 4297 ’τούς
962 4213 1086 4296 ἄλλους
1119 4217 1375 4284 κακοποιούσιν.

257 4317 394 4383 Homeri
414 4318 505 4383 locus
527 4328 577 4384 est
597 4322 704 4402 7332.
730 4323 807 4403 341,
831 4322 873 4384 cf.
890 4321 990 4385 schol.
1007 4343 1039 4407 p.
1059 4325 1128 4411 1405.
1146 4324 1165 4383 6
1182 4341 1232 4406 sq.
1248 4319 1373 4393 Buttm,
