2962 5024
177 395 305 456 .176
691 397 895 458 -Ω-

185 547 197 563 ”
321 565 401 642 464.
427 563 464 625 αἱ
475 555 693 646 Ἀριστάρχου
714 527 1009 627 παπταίνετον.
1028 563 1070 626 A.
1095 561 1211 629 efiv.

325 664 398 727 483.
432 656 612 728 νείκει”
590 679 751 744 αριστε·
785 638 994 746 Ἀρίσταρχος
1018 673 1164 740 νεῖκος
1190 658 1352 749 άριστε,

242 756 288 839 ὥς
308 758 458 841 είδος”
436 772 570 847 αριστε’
595 767 641 852 [Γ
659 764 726 849 39)
747 765 789 828 A

328 863 412 951 [493.
457 878 618 944 κακοῖς·
655 859 796 950 ἄμεινον
823 859 896 930 ἀντ’
926 859 1034 930 αὐτοῦ
1059 861 1205 983 γράφειν
1233 861 1351 945 ἄναξ

243 977 381 1050 προεῖπε
403 963 468 1050 γάρ
491 973 694 1051 χαλεποῖσιν.
717 968 769 1058 Β.[

247 1116 249 1119 -
327 1069 399 1132 548.
423 1063 532 1148 οὕτως
551 1066 607 1134 διὰ
634 1072 696 1135 τοῦ
714 1085 735 1133 σ
755 1072 875 1151 φίλος
897 1069 1000 1132 πᾶσαι
1021 1062 1120 1151 εἶχον.
1141 1070 1184 1134 A.
1271 1085 1273 1087 ’

327 1171 399 1234 568.
420 1173 534 1254 χειρί
552 1194 604 1254 χρ.
627 1173 752 1254 χερσί.
769 1164 817 1255 [Ιὴ
841 1167 878 1232 δὲ
900 1170 1076 1252 διπλῆ...
1100 1170 1141 1233 A.

328 1273 400 1334 604.
424 1271 459 1335 οί
478 1266 515 1336 δέ
536 1269 613 1355 περὶ
630 1264 824 1354 Ἀντίμαχον
841 1266 975 1353 νόημα
990 1265 1184 1353 γράφουσιν
1200 1268 1274 1339 ἀντὶ
1290 1279 1352 1340 τοῦ

242 1367 355 1436 νόον.
381 1372 423 1437 A.

306 1475 400 1538 622.
444 1469 660 1538 ἐνδύσεαι·
692 1468 903 1557 Ἀρίσταρχος
925 1472 1134 1539 ἐσδύσεαι.
1158 1475 1200 1539 Α.
1232 1470 1351 1554 άλλως.

243 1569 351 1653 οὕτως
379 1572 579 1641 ἐσδύσεαι
609 1570 730 1659 σχεδόν
756 1570 897 1641 ἅπασαι·
928 1570 1090 1641 οὐδέποτε
1121 1572 1186 1661 γάρ
1205 1570 1353 1664 ’Όμηρος

242 1681 283 1764 τῇ
302 1677 340 1742 ἐν
360 1671 435 1743 άντὶ
456 1680 514 1760 τῆς
537 1679 583 1755 είς
605 1678 769 1761 κέχρηται.
790 1678 861 1742 AB.

325 1782 398 1844 635.
418 1775 539 1866 πάλη·
558 1773 769 1864 Ἀρίσταρχος
789 1775 855 1844 σύν
876 1785 922 1870 τῷ
944 1805 966 1846 ν
985 1779 1132 1865 πάλην.
1156 1782 1197 1845 A.

327 1882 400 1945 691.
421 1873 529 1960 οὕτως
552 1885 613 1961 ἔξω
635 1885 698 1947 τού
719 1907 732 1946 ι
754 1880 956 1966 ἑστήκειν.
982 1885 1050 1949 ἔστι
1071 1881 1108 1947 δὲ
1127 1877 1284 1948 Ἰωνικόν.
1307 1882 1350 1946 Α.

329 1983 402 2046 759.
424 1979 585 2067 ἔκφερ’·
609 1979 699 2067 παρά
719 1979 899 2072 Ζηνοδότφ
920 1978 1070 2068 ἔκθορ’.
1094 1986 1135 2049 A.

288 2079 414 2167 ·.[792
445 2081 463 2147 ἐ
470 2081 780 2168 ριδησεσθαι
803 2084 841 2150 ἐν
866 2087 906 2151 δέ
921 2103 989 2152 τισι
1010 2089 1079 2152 τόν
1100 2081 1353 2170 ὑπομνημάτων

243 2182 407 2270 γράφεται
430 2184 519 2267 ἐριζ
524 2183 715 2269 ησασθαι.
738 2185 794 2274 V.]

331 2284 416 2373 [806.
454 2280 695 2371 Ἀριστοφάνης
727 2285 764 2352 δέ
793 2283 883 2354 οὕτω
907 2285 1032 2373 γράφει
1063 2283 1271 2370 ὁππότερός
1292 2308 1353 2350 κεν

243 2385 397 2472 πρόσθεν
425 2384 611 2469 ἐπιγράψας
640 2384 724 2470 χρόα
750 2384 855 2454 καλὸν
877 2386 975 2475 φθηη
997 2387 1221 2472 ἐπευξάμενος
1242 2382 1351 2453 δια
1319 2410 1338 2450 τ

242 2493 337 2556 ἔντεα
358 2489 414 2555 καὶ
435 2483 546 2570 φόνον
567 2483 733 2571 άνδρων’.
756 2490 809 2611 V]

326 2594 399 2656 854.
422 2579 468 2674 ἧς
491 2583 573 2671 ἄρ’·
566 2587 634 2653 ἐ·ν
656 2579 790 2678 άλλφ
767 2615 813 2675 ης
836 2591 926 2677 γάρ·
945 2584 1350 2676 χράφεταικαίόιςγάρ.

241 2716 304 2760 κατ
306 2688 414 2757 ’ἐνια
435 2689 472 2755 δέ
494 2688 759 2773 δησενπόδα.
782 2693 824 2756 Α.

328 2796 399 2859 870.
423 2796 474 2858 71.
515 2791 554 2855 ἐν
583 2793 623 2877 τῇ
650 2794 957 2879 Μασσαλιωτικῇ
968 2789 1195 2876 σπερχόμενος
1228 2789 1260 2857 δ
1288 2785 1353 2874 άρα

241 2892 422 2979 Μηριόνης
443 2886 624 2975 Amerina&
648 2887 763 2959 όίστόν
784 2891 897 2982 τόξφ.’
926 2893 963 2958 ἐν
984 2888 1049 2976 γάρ
1071 2896 1175 2958 πᾶσιν
1196 2895 1249 2977 ἔχε
1272 2888 1351 2981 (γὰρ

242 2998 408 3078 χείρεσσιν
430 2994 505 3076 ἔχεν
526 2992 583 3077 V.)
604 2991 724 3079 πάλαι,
746 2988 790 3072 τός
809 3001 962 3061 ίθυνεν.’
995 2994 1034 3060 ἐν
1055 2989 1092 3059 δὲ
1114 2997 1155 3080 τῇ
1175 2988 1258 3058 κατὰ
1277 2988 1354 3057 Ἀν-

242 3099 380 3179 τίμαχον
402 3091 525 3171 οὕτως·
549 3101 622 3159 εσπ.
646 3089 677 3159 δ’
700 3090 731 3159 ά.
754 3101 804 3162 Μ.
828 3097 968 3174 ἐξείλετο
990 3093 1089 3174 τόξον
1110 3099 1235 3179 χερσίν.
1256 3095 1354 3183 (ἐξεί-

242 3212 325 3279 ρυσε
341 3190 495 3277 Τεύκρου
512 3189 622 3278 τόξον,
642 3196 735 3277 χερσὶ
751 3193 784 3262 δ’
802 3192 916 3263 όίστόν
932 3201 1006 3282 ἐχεν
1022 3193 1123 3263 πάλαι
1140 3190 1185 3273 ὦς
1201 3201 1352 3262 7θννεν.’

241 3297 299 3379 V.)
328 3290 347 3360 ὁ
372 3297 486 3379 μέντοι
508 3290 716 3381 Ἀρίσταρχος
739 3294 794 3363 διά
815 3304 884 3365 τῶν
906 3295 1157 3383 ὑπομνημάτων
1177 3295 1354 3380 ἐπειγόμε-

242 3420 305 3462 νον
333 3394 491 3482 βοάλεται
518 3391 579 3461 τόν
606 3397 790 3484 Μηριόνην
820 3397 984 3467 ε’κσπάσαι
1010 3403 1069 3483 της
1101 3403 1163 3464 τοῦ
1198 3395 1353 3480 Τεύκρου

241 3494 352 3583 χειρός
382 3496 420 3564 τό
444 3492 551 3574 τόξον.
593 3497 649 3563 καί
671 3494 738 3582 γάρ
759 3498 879 3568 κοινδν
900 3506 969 3569 τόν
992 3498 1246 3585 ἀγωνιζομένων
1267 3493 1350 3563 αύτό

243 3596 339 3685 εἶναι,
361 3595 473 3682 ὥσπερ
495 3593 556 3662 τὸν
577 3599 704 3665 δίσκον.
727 3602 769 3665 A.

326 3705 399 3767 879.
434 3694 543 3777 οὕτως
562 3695 771 3786 Ἀρίσταρχος
789 3698 846 3768 διά
867 3707 936 3768 τῶν
956 3703 1019 3770 δύο
1041 3720 1071 3769 σ.
1105 3698 1127 3788 ἡ
1149 3701 1186 3769 δὲ
1209 3708 1352 3769 Μασσα-

242 3798 379 3887 λιωτικη
402 3797 565 3884 λιάσθη.
585 3804 628 3867 A.
653 3796 710 3890 [ός
733 3796 770 3867 (ὁ
792 3803 830 3868 δέ
844 3803 948 3887 νόσφι
967 3809 1136 3883 λιασθείς’
1157 3808 1279 3894 (Λ80).
1296 3805 1350 3893 V.]

766 3982 813 4050 Ω.

330 4110 445 4172 6-10.
469 4112 723 4192 προηθετοῦντο
745 4108 858 4173 δὲκαὶ
880 4105 971 4193 παρὰ
987 4103 1231 4193 Ἀριστοφάνει.
1251 4110 1293 4173 A.

327 4207 369 4292 [7.
391 4208 428 4272 αί
447 4206 613 4290 δημόδεις
636 4206 705 4273 καὶ
727 4206 862 4275 πάθεν
883 4211 993 4292 ἔργα.
1017 4211 1071 4299 V.]

321 4309 372 4369 20.
395 4309 445 4370 21.
469 4302 577 4384 οὕτως
599 4310 740 4391 αίχίδα
760 4311 963 4394 χρυσείην
977 4311 1014 4374 αἱ
1024 4305 1250 4396 Ἀριστάρχου.
1279 4307 1354 4395 περὶ
