2962 5018
220 434 282 497 260

223 603 380 666 τοιοῦτον
408 593 493 665 εἶναι
514 591 576 662 τὸν
595 589 783 678 Ἀγάθωνα.
820 587 898 674 ἐμω
922 589 966 654 δὲ
986 583 1047 673 οὐχ
1065 583 1232 672 ἡγοῦμαι,
1265 583 1341 654 ἀλλ’

224 699 339 786 ἐπειδὴ
362 698 519 787 βούλεται
540 698 714 786 κωμῳδεῖν
742 690 803 758 τδν
822 689 1018 776 Ἀγάθωνα,
1049 684 1094 767 ὥς
1115 688 1198 774 μήτε
1221 713 1345 772 καρτε-

225 800 288 890 ρδν
305 799 389 888 μήτε
407 802 551 886 μέλανα,
572 803 674 863 τοῦτο
698 787 846 878 ciuem}
868 789 1000 878 ἄσημόν
1021 815 1107 857 τινα.

755 988 806 1049 66.

313 1129 383 1189 169.
408 1123 444 1188 ἐν
457 1123 559 1199 ἐνίοις
579 1121 616 1187 δὲ
626 1115 784 1204 Ἀχαιός
803 1119 995 1203 γέγραπται,
1011 1110 1121 1181 καὶτὰ
1137 1111 1341 1194 παλαιότερα

225 1222 415 1309 ἀντίγραφα
440 1219 548 1301 οὕτως
569 1218 665 1305 εἶχεν.
696 1217 939 1303 Ἀριστοφάνης
961 1219 1000 1281 δέ
1021 1217 1112 1281 ἐστιν
1134 1211 1152 1279 ὁ
1173 1213 1343 1298 μεταγρά-

226 1322 500 1405 ψαςἈλκαῑος.
524 1324 600 1406 περὶ
619 1319 684 1406 γὰρ
697 1325 850 1387 ιταλαιιδν
862 1314 982 1384 ἐστινὸ
998 1317 1109 1402 λόγος,
1126 1312 1144 1382 ὁ
1161 1316 1199 1380 δὲ
1212 1311 1343 1399 Ἀχαιὸς

226 1426 401 1509 νεώτερος.
445 1423 482 1489 τὸ
504 1423 542 1490 δὲ
565 1422 750 1506 λεγόμενον
772 1417 840 1487 ὑπὸ
864 1428 896 1486 Δ
904 1422 944 1485 ιδ
952 1418 1063 1504 ῦμου
1089 1416 1175 1500 πρὸς
1192 1414 1344 1500 Ἀριστο-

227 1527 351 1613 φάνην,
374 1522 426 1592 ὅτι
449 1521 491 1590 οὐ
512 1523 653 1590 δύναται
673 1520 829 1590 Ἀλκαίου
850 1518 1076 1605 μνημονεύειν
1101 1514 1158 1608 (οῦ
1179 1516 1244 1604 γὰρ
1264 1520 1345 1584 ἐντε-

226 1628 364 1710 αόλαζε,
390 1630 491 1712 φησί,
517 1624 557 1692 τὰ
580 1622 733 1692 Ἀλκαίου
762 1621 819 1691 διὰ
850 1619 913 1706 τὴν
942 1620 1133 1707 διάλεκτον)
1164 1616 1343 1705 λελήρηται

226 1728 397 1816 ἄντικρύς.
433 1728 489 1794 καὶ
510 1727 548 1791 ἐν
569 1732 615 1815 τῳ
637 1723 702 1807 πρὸ
726 1725 851 1793 τούτου
873 1721 1017 1806 δράματι
1039 1733 1109 1799 τοῖς
1124 1718 1255 1808 Ὄρνισι
1276 1745 1345 1787 τια-

228 1827 374 1917 ρςόδηται
401 1825 438 1894 τὸ
482 1824 638 1910 “ὅρνιθες
666 1834 754 1906 τίνες
782 1822 847 1893 οἵδ’
871 1822 1010 1892 ὠκεανολ
1035 1829 1096 1909 μῦς
1120 1819 1189 1889 ἀττῦ
1218 1823 1337 1909 στερρά-

228 1939 317 1995 των’
340 1925 448 2008 οὕτως
471 1928 629 2011 εὄρνιθες
644 1932 732 2004 τίνες
746 1925 809 1995 οἵδ’
822 1925 926 1993 οῦδὲν
946 1929 1096 2011 ἔχοντας’
1113 1926 1168 1991 καὶ
1189 1926 1226 1990 ἐν
1242 1932 1346 2009 Σφη-

227 2034 296 2109 ξίν·
329 2027 440 2114 *ῦνηρ
466 2019 566 2107 οὗτος
591 2027 611 2093 ὁ
634 2028 816 2113 μαιόμενος
843 2028 880 2094 τὸ
903 2031 987 2111 μέγα
1009 2025 1159 2107 κράτος’.
1194 2021 1345 2110 ἀλλαχοῦ

227 2128 265 2197 δδ
286 2127 304 2196 ὁ
323 2127 514 2215 Δίδυμός
535 2147 657 2214 φησιν·
683 2125 781 2213 ἡμὲν
794 2127 907 2214 γραφὴ
925 2127 1066 2195 δυ’ναται
1082 2130 1144 2213 μὲν
1161 2124 1256 2212 εἶναι,
1279 2123 1345 2192 οῦκ

228 2224 272 2296 διν
290 2228 328 2296 δὲ
343 2227 468 2296 τοῦτον
486 2235 548 2297 τοῦ
559 2235 744 2315 μελοποιοῦ
760 2230 934 2315 μέμνηται,
955 2230 1057 2298 πάλιν
1073 2226 1110 2297 τδ
1127 2226 1209 2295 αὐτὸ
1222 2231 1344 2313 λέγων,

228 2327 281 2397 ὅτι
304 2327 367 2396 οὐκ
384 2329 566 2409 ἐπεπόλαζε
586 2330 626 2396 τὰ
649 2333 742 2416 μέλη,
762 2326 855 2419 [ἀλλ’]
874 2327 1030 2399 Ἀλκαίου
1050 2337 1112 2398 τοῦ
1133 2334 1344 2420 κιθαρῳδοῦ,

228 2421 272 2499 οὗ
294 2433 350 2497 καὶ
372 2427 523 2512 Εὔπολις
544 2434 581 2498 ἐν
603 2439 716 2523 χρυσῷ
739 2435 829 2518 μένει
850 2436 1029 2519 μέμνηται·
1054 2423 1102 2498 ’ὦ
1121 2428 1226 2498 ’λκατε
1240 2430 1346 2499 Σικε-

229 2538 332 2600 λιῶτα
347 2535 626 2620 Πελοποννήσῳ]
648 2541 681 2600 τί
701 2535 737 2601 δὲ
752 2536 902 2600 ἐνταῦθα
914 2536 1122 2622 κιθαρῳδοῦ,
1145 2532 1221 2616 περὶ
1242 2557 1344 2618 ποιη-

228 2641 289 2701 τοῦ
318 2630 416 2713 ὅντος
443 2641 506 2702 τοῦ
535 2636 656 2722 λόγου,
695 2637 746 2702 Cf.
780 2637 908 2702 Nauck.
930 2637 988 2700 Ar.
1012 2637 1093 2722 Byz.
1117 2662 1148 2724 p.
1171 2640 1211 2700 64
1234 2660 1266 2700 n.
1290 2640 1343 2700 92.

228 2734 350 2798 Multus
373 2734 415 2799 de
437 2735 468 2800 h.
492 2737 512 2800 l.
534 2747 584 2802 cst
606 2740 702 2803 ctiam
727 2736 945 2801 Schneiderus
968 2759 999 2823 p.
1023 2741 1060 2800 16
1084 2759 1153 2824 sqq.

741 2925 822 3011 (ο.)
948 2956 950 2959 ·

315 3053 424 3119 Schol.
448 3056 535 3119 Avv.
569 3060 605 3118 17
639 3057 673 3120 οί
698 3055 759 3140 μὲν
780 3060 982 3136 πλείους-
1005 3058 1251 3145 κωμῳδεῖσθαι.
1279 3052 1345 3121 οῦκ

230 3155 349 3236 ἔχομεν
376 3153 412 3217 δὲ
443 3151 522 3218 υίὸν
554 3151 742 3222 αὐτοῦεδιὰ
768 3163 826 3241 τῆς
851 3161 1027 3247 κωμῳδίας
1057 3162 1172 3224 είκείν.
1215 3154 1345 3241 μήκοτε

232 3244 313 3338 οῦν,
337 3258 484 3338 φησί...
500 3302 520 3336 .,
544 3252 626 3319 κατὰ
650 3262 856 3340 περίφρασιν
878 3266 1012 3345 εἴρηκεν
1035 3261 1261 3345 Θαρρελείδου
1284 3282 1345 3324 κο-

231 3353 337 3440 λοιόν,
355 3357 393 3421 ἐν
416 3362 477 3444 ίσῳ
498 3360 545 3443 τῷ
566 3357 799 3442 Θαρρελείδης,
822 3357 859 3438 ὅς
881 3363 949 3427 ἐστι
971 3360 1166 3444 κολοιωδης.
1207 3361 1344 3444 Dubito,

231 3464 340 3520 utrum
359 3457 478 3522 lacuna
497 3458 680 3522 Aristarchi
701 3480 743 3522 an
762 3459 897 3547 Didymi
926 3466 1057 3528 nomine
1085 3463 1268 3549 supplenda
1290 3465 1344 3526 sic

232 3555 286 3621 Of.
305 3558 407 3624 schol.
430 3558 525 3625 Pind.
548 3559 600 3624 Ol.
620 3559 672 3622 XI
688 3562 738 3625 83.
764 3559 981 3629 Schneidcrus
1004 3566 1135 3630 videtur
1157 3562 1345 3650 Symmachi

231 3678 349 3723 nomen
372 3659 577 3727 subaudisse.

744 3816 826 3903 (υ)

316 3931 448 4018 Apulei.
470 3934 549 3996 min.
572 3933 613 3997 de
636 3934 779 4018 orthogr.
804 3938 834 4013 ξ.
862 3936 898 3996 12
921 3958 952 4020 p.
966 3938 1008 3997 42
1032 3936 1082 3999 cd.
1105 3936 1231 4001 Osann.
1252 3941 1346 4001 Linus

232 4029 263 4115 (ί
276 4030 454 4117 Didymus)
487 4041 517 4096 ίκ
546 4038 754 4112 Aristophanis
781 4040 898 4098 Plutum
928 4041 1103 4116 Staphylum
1130 4042 1249 4103 Bacchi
1275 4043 1349 4101 dicit

231 4138 374 4210 amicum,
399 4137 546 4212 Grynicus
568 4137 696 4198 Semeles
715 4144 904 4200 αευκοαίανι.

317 4230 368 4294 Of.
383 4231 483 4296 schol.
496 4232 583 4296 Piut.
602 4230 947 4318 Ῑθῖἳ-Στάφυλοςὸ
962 4234 1130 4319 ἐρώμενος
1142 4241 1345 4303 Διονυσίου.

229 4327 341 4392 Possis
368 4333 466 4394 etiam
494 4332 536 4396 dc
556 4333 675 4399 Latino
705 4357 726 4398 a
754 4336 936 4423 Porphyrio
966 4349 1017 4423 ap.
1041 4337 1163 4402 Euscb.
1187 4338 1245 4402 PE
1267 4338 1301 4402 X
1325 4341 1344 4402 3
