2964 5010
1191 410 1231 472 29

120 574 256 637 nianum
296 578 468 656 utramque
505 569 642 656 Didymi
679 569 877 655 farraginem
910 574 1233 660 periergopenetibus

123 675 193 738 suis
220 674 415 756 intexuisse,
446 673 587 760 indeque
615 672 763 758 singulas
790 695 935 762 quasque
956 673 1083 761 glossas
1106 678 1235 764 amplis-

57 803 64 811 ·
124 778 207 840 simo
230 797 286 840 suo
307 774 492 861 glossarum
514 778 642 863 corpori
665 777 842 841 inseruisse
860 776 1071 863 Hesychium.
1093 819 1137 829 -
1160 778 1236 867 Ipse
1256 795 1259 802 ’

125 877 309 965 Hesychius
325 875 470 964 Didymo
488 877 681 962 terdecies¹)
700 876 920 944 testimonium
942 866 1118 945 denunciat
1134 904 1161 946 s.
1179 904 1235 948 vr.

124 973 254 1057 *Αύλίς
286 979 326 1062 [7]
358 983 527 1065 βρίκελλοι
552 979 743 1066 *ἐπωβελίοι
776 980 961 1069 (perperam
995 981 1136 1048 Ioannes
1166 983 1236 1048 Pri-

123 1101 218 1146 caeus
240 1090 273 1146 et
294 1081 346 1146 ed.
360 1080 421 1145 'LB
447 1084 527 1147 1668
548 1080 697 1171 dupletur)
720 1079 881 1167 κορσόκις
901 1083 1099 1167 *Λαπέρσαι
1118 1084 1236 1151 λέσπιν

120 1182 342 1266 Λιμοδωριείς
364 1182 548 1249 Μοσυνικὰ
571 1186 771 1269 μαζονομιϊα
792 1182 975 1269 Μυκίρινα
993 1181 1141 1270 οίσπότη
1162 1191 1236 1251 Σα-

119 1281 239 1367 μιακός
271 1282 395 1366 τρόπος
428 1282 632 1370 σισύμβριον
659 1289 900 1371 σκινδαρίςειν.
949 1287 1005 1352 Ex
1035 1288 1086 1352 his
1106 1287 1236 1374 glossis,

120 1409 201 1474 ques
224 1386 362 1452 stellulis
384 1389 513 1472 notavi,
540 1388 646 1476 prima
666 1391 847 1456 Homerum
870 1389 925 1477 (ll.
941 1396 971 1454 A
994 1391 1065 1476 38),
1092 1391 1236 1456 secunda

118 1488 374 1556 Demosthenem
400 1491 456 1580 (de
483 1491 628 1578 coron),
655 1493 754 1563 tertia
774 1491 968 1579 Sophoclem
1000 1491 1122 1580 (Strab.
1149 1493 1234 1558 VIIl

119 1615 152 1679 p.
173 1593 249 1673 364)
285 1602 433 1680 spectare
465 1594 631 1658 videntur.
681 1594 816 1680 Ambigi
848 1594 946 1665 etiam
979 1594 1020 1660 de
1051 1618 1084 1660 v.
1119 1594 1235 1660 λίσπιν

118 1696 233 1780 possit.
269 1694 316 1759 At
334 1693 535 1781 reliquarum
557 1716 597 1759 ea
617 1703 667 1759 est
688 1694 800 1778 facies,
822 1703 859 1759 ut
877 1717 973 1761 socco
995 1717 1050 1762 eas
1073 1697 1235 1780 originem

119 1817 213 1860 suam
246 1795 367 1860 debere
394 1797 566 1862 confestim
598 1797 658 1861 tibi
687 1796 741 1862 vel
769 1818 834 1861 non
857 1799 999 1863 monitus
1025 1786 1262 1885 persuadeas,'

119 1900 248 1963 etiamsi
270 1898 472 1984 singularum
495 1899 589 1965 sedes
611 1909 763 1966 accurate
784 1900 923 1966 indicari
938 1923 1003 1966 non
1017 1903 1132 1988 possit.
1157 1900 1234 1965 Illu-

117 2009 260 2065 stremus
281 2000 439 2086 singulas.

658 2177 688 2240 2.

203 2293 283 2358 Hes.
310 2291 407 2357 1767
441 2295 687 2377 Βρίκελλοι·
715 2295 751 2359 oi
772 2292 846 2377 plu
862 2288 943 2372 τούς
964 2291 1145 2372 ίστόποδας
1164 2288 1232 2360 dud

119 2398 183 2460 τοῦ
212 2391 340 2481 βάρους
362 2395 502 2463 καὶτοῦ
523 2393 647 2480 ξύλου,
671 2398 713 2462 ol
732 2399 753 2462 δ
760 2395 775 2461 l
797 2395 1002 2482 βαρβάρους.
1046 2397 1234 2479 Δίδυμος

121 2495 159 2563 δὲ
182 2493 222 2562 rol
235 2493 376 2581 τραγικὰ
400 2494 637 2583 [ἳβαρβαρικό]
661 2509 854 2582 προσωπεῖα
867 2494 957 2581 παρὰ
974 2501 1138 2584 Κρατίνῳ,
1161 2486 1235 2560 οἷον

118 2602 326 2686 βροτοίκελοι
352 2598 390 2665 ἐν
411 2605 573 2685 Σερίφοις
601 2601 780 2688 (-φίοις).
825 2600 1019 2664 Accuratius
1038 2607 1083 2662 et.
1105 2621 1150 2662 m.
1173 2600 1245 2661 213*

117 2706 253 2786 2:194,
272 2707 313 2766 40
333 2706 572 2787 Βρίκελλος.
600 2705 669 2768 ἔστι
685 2696 896 2787 βαρβαρικὸν
910 2696 949 2766 ιδ
965 2695 1082 2783 ὄνομα.
1105 2701 1234 2764 τίθεται

118 2801 156 2869 δὲ
179 2802 235 2870 καὶ
252 2804 305 2870 ἐπὶ
326 2802 519 2888 προσόποιν
541 2807 761 2889 βαρβαρικῶν
782 2803 838 2869 καί
860 2808 986 2886 εἴρηται
1002 2798 1106 2867 οίονεὶ
1122 2803 1232 2887 βροτῷ

118 2899 290 2990 είκελοςῆ
319 2906 432 2992 Βριξὶν
464 2911 601 2983 εἴκελος.
646 2910 767 2991 Βρίγες
793 2903 858 2991 γὰρ
888 2907 990 2983 ἔθνος
1011 2900 1230 2991 βαρβαρικόν.

117 3004 215 3076 ἄλλοι
244 3007 281 3076 δὲ
308 3011 508 3097 βρικέλλους
534 3004 615 3089 τούς
641 3008 1112 3098 κελεύοντας(1.κελέοντας)
1141 3003 1231 3092 παρὰ

188 3224 214 3292 l)
238 3222 380 3274 Manifesti
404 3223 475 3275 enim
494 3224 591 3275 erroris
609 3229 673 3275 sunt
694 3222 735 3275 10.
754 3223 884 3274 Prieneus
902 3221 930 3271 in
948 3219 1004 3270 ind.
1024 3219 1144 3286 Hesyeh.
1164 3219 1230 3270 edit.

117 3310 225 3378 Apulei.
248 3310 347 3361 adnex.
371 3325 399 3375 p.
424 3311 474 3362 745
500 3315 527 3361 et
551 3311 689 3363 Albertins
707 3312 773 3361 Hes.
794 3311 863 3375 le.
882 3310 934 3361 224
953 3306 1231 3375 quartumdecimum

116 3398 205 3449 locum
227 3397 372 3451 addentes:
399 3389 506 3447 κέλεται
531 3393 664 3463 δίδυμος.
690 3389 890 3464 παρεκελεύετο
910 3387 928 3462 ἡ
947 3385 1038 3461 ψυχή.
1056 3395 1140 3460 Fugit
1160 3394 1231 3443 enirn

117 3486 175 3537 VV.
189 3486 260 3549 DD.‚
279 3499 365 3551 prava
382 3483 442 3535 cod.
461 3483 578 3536 lectione
595 3485 733 3550 deceptos,
753 3490 833 3535 notus
852 3483 965 3533 Homeri
983 3496 1078 3533 versus
1093 3480 1127 3530 Ii.
1141 3477 1167 3528 Κ
1179 3477 1230 3528 534

117 3563 259 3636 ψεύσομαι
272 3559 292 3636 ἢ
304 3562 407 3635 ἔτυμον
426 3559 509 3634 ἐρίοις
528 3563 635 3620 κέλεται
648 3566 680 3620 δέ
693 3584 727 3635 με
740 3563 845 3636 θυμός,
865 3571 892 3620 id
907 3571 979 3635 quod
993 3568 1094 3619 dudum
1111 3562 1231 3616 animad-

117 3664 258 3709 verterunt
281 3658 394 3723 Soping.
422 3657 519 3710 Heius.
546 3659 630 3710 Brun.
661 3658 698 3708 Is.
727 3658 808 3710 Voss.
836 3657 859 3707 1.
886 3657 917 3706 F.
944 3656 1064 3706 Gronov.
1101 3649 1232 3702 Similiter

116 3746 210 3812 lapsus
228 3750 271 3796 est
287 3744 309 3796 1.
327 3744 438 3796 Richter
457 3743 490 3795 de
508 3744 606 3796 Aesch.
626 3748 653 3794 et
671 3743 756 3808 Soph.
776 3744 893 3805 interpp.
909 3755 949 3804 gr.
968 3756 995 3804 p.
1015 3739 1049 3791 93
1073 3738 1120 3802 qui
1138 3737 1232 3787 lectio·

115 3850 177 3885 nem
200 3833 301 3885 Snidae
324 3833 384 3884 111
410 3848 437 3898 p.
456 3832 491 3884 83
514 3823 604 3895 κάρτα
623 3820 831 3894 ἐπαφρόδιτος,
856 3826 923 3876 aL.
940 3826 1058 3875 Kustero
1077 3839 1108 3873 ex
1128 3824 1231 3888 optimo

115 3921 177 3972 cod.
205 3922 269 3972 Par.
296 3922 319 3971 A
344 3926 515 3981 revocatam,
551 3915 698 3966 infeliciter
724 3914 813 3964 denuo
840 3925 986 3975 aggressus
1014 3910 1168 3974 perturbat,
1200 3916 1231 3961 ut

116 4007 332 4073 Epaphroditum
350 4007 556 4073 grammaticum
574 4002 602 4051 in
616 3993 718 4061 λέξεων
730 4014 811 4065 opere
824 3994 989 4061 Sophocleas
1002 4013 1109 4062 quoque
1124 3997 1230 4063 glossas

115 4100 251 4145 tractasse
270 4095 446 4146 demonstret.
484 4092 520 4141 At
544 4089 629 4140 verba
649 4078 748 4151 ’κόρτα
767 4074 960 4148 ἐπαφρόδιτος
984 4084 1025 4135 cl.
1045 4083 1152 4134 Aeliani
1171 4100 1232 4134 esse

115 4182 193 4232 iuxta
211 4198 271 4232 cum
290 4181 458 4231 doctioribus
478 4179 549 4244 fugit
567 4174 735 4228 Richterum.
770 4172 870 4224 Valent
895 4174 914 4224 i.
930 4190 957 4238 q.
984 4170 1049 4221 λίαν
1067 4165 1229 4235 ἐπέραστος.
1300 4197 1303 4202 >

114 4268 158 4321 Ci.
173 4285 245 4319 nunc
262 4268 390 4319 Dindori.
408 4266 499 4318 Schol.
520 4264 604 4331 Soph.
623 4264 666 4315 ni.
687 4264 747 4314 554.
778 4260 976 4313 Schneidewin.
996 4261 1023 4310 in
1038 4260 1115 4312 Jahn.
1137 4260 1228 4312 iahrh.

113 4357 135 4406 ι.
154 4355 225 4407 sno.
244 4371 273 4407 u.
291 4355 412 4420 Ριιιις.
429 4353 532 4405 nxvu
549 4353 566 4404 r»
582 4369 610 4418 p.
630 4350 691 4404 eos.
