2964 5010
251 389 292 453 42

252 557 337 621 Nam
361 556 398 619 O.
418 554 455 618 F.
469 554 635 635 Rankius,
657 555 709 617 vir
732 561 764 617 et
784 550 1066 637 ingeniosissimus
1086 564 1118 616 ct
1140 552 1215 617 huic
1237 554 1367 639 potissi-

251 681 338 722 mum
357 655 464 721 labori
487 657 515 720 si
537 657 609 743 quis
631 655 715 720 alius
737 655 886 720 doctrina
907 656 1075 742 copiisque
1097 677 1166 742 par,
1189 657 1225 720 in
1247 678 1365 721 comm.
1444 678 1446 682 ·

251 761 292 825 de
314 758 458 845 Hesych.
482 782 514 845 p.
540 763 598 823 135
621 780 718 822 cursu
740 759 877 845 viaque,
905 768 941 822 ut
963 758 1109 841 videtur,
1142 757 1264 840 fessus,
1291 756 1366 822 reli·

250 885 350 950 quum
378 861 439 927 hoc
466 862 592 925 itineris
621 861 776 947 spatium,
809 862 983 947 assumptis
1017 860 1144 925 alarum
1173 859 1366 945 remigibus,

250 964 400 1030 sublimis
429 961 691 1050 praetervolans,
724 962 839 1027 humili
868 962 952 1050 pede
977 963 1145 1048 permetiri
1170 962 1366 1048 supersedit.

250 1067 300 1131 Αο
329 1065 426 1131 video
453 1064 601 1151 profecto
622 1064 730 1149 longis
759 1087 811 1129 me
839 1063 1004 1129 erroribus
1032 1072 1140 1127 actum
1165 1065 1224 1145 iri,
1259 1083 1366 1150 quem,
1455 1069 1458 1080 '

250 1169 422 1255 quominus
441 1188 572 1231 cursum
594 1174 780 1230 constanter
799 1175 919 1248 teneat,
941 1167 1052 1250 ignoto
1074 1165 1192 1251 pelago
1209 1164 1366 1229 subfusae

250 1270 355 1333 noctis
378 1269 537 1353 caligines
560 1268 774 1356 impediturus
796 1269 877 1331 sint:
907 1276 979 1331 utut
1001 1275 1066 1348 est,
1097 1268 1226 1333 ancoris
1249 1266 1365 1332 solutis

250 1392 365 1457 proras
388 1371 452 1434 iem
476 1371 510 1433 in
533 1392 622 1434 merc
645 1371 830 1456 prospicere
852 1366 982 1432 iubebo.

786 1541 836 1602 24.

337 1675 403 1742 θεὰ
424 1675 489 1740 iam
516 1677 623 1741 recisa
646 1675 859 1762 praefationis
887 1695 978 1739 mora
1009 1673 1148 1737 fundum
1174 1673 1365 1759 disputatio-

251 1779 303 1843 nis
325 1778 442 1843 facism
464 1777 570 1843 locum
593 1777 712 1842 Athen.
747 1777 906 1863 Deipnos.
931 1775 984 1839 XI
1004 1798 1036 1862 p.
1061 1778 1118 1837 501
1134 1775 1167 1838 D
1191 1778 1363 1854 Κρατίνου

252 1873 285 1942 d'
317 1875 471 1956 εἰπόντος
498 1878 535 1943 ἐν
557 1878 759 1962 Δραπέτισι·
805 1879 974 1961 εΔέχεοθε
1002 1875 1125 1958 φιάλας
1144 1874 1239 1954 τόςθε
1259 1881 1365 1961 βαλα-

252 1978 499 2064 νειομφάλους’
534 1977 839 2065 Ἐρατοσθένης
867 1979 904 2044 ἐν
933 2004 968 2045 ια
997 1979 1074 2061 περὶ
1096 1982 1271 2067 κωμῳδίας
1305 1980 1371 2070 (cl.¹

251 2082 433 2148 Bernhard.
461 2081 554 2149 Erat.
583 2106 616 2171 p.
640 2084 716 2169 228)
745 2078 807 2164 τὴν
836 2082 925 2160 λέξιν
953 2078 1090 2164 ἀγνοεῖν
1118 2098 1201 2165 φησι
1227 2079 1366 2147 Λυκό-

252 2207 398 2269 φρονα.
441 2187 509 2248 τῶν
537 2180 601 2269 γὰρ
629 2187 762 2269 φιαλῶν
785 2186 820 2248 οί
836 2178 984 2268 ὀμφαλοὶ
1006 2182 1061 2248 καί
1083 2187 1152 2249 τῶν
1174 2170 1369 2270 βαλανείων

252 2288 288 2351 οί
309 2281 410 2352 θόλοι
440 2284 638 2372 παρόμοιοι,
672 2290 718 2366 είς
747 2284 783 2353 dl
813 2284 849 2351 τὸ
880 2281 968 2365 εἶδος
989 2281 1053 2352 οὐκ
1078 2281 1262 2373 ἀρρύθμως
1286 2290 1365 2352 παί-

251 2391 372 2466 ζονται.
398 2381 520 2453 Ἀπίων
541 2385 578 2454 dl
597 2390 651 2454 καὶ
668 2385 844 2474 Διόδωρός
867 2389 1005 2476 (Bergk.
1022 2410 1137 2454 comm.
1160 2390 1201 2454 dc
1218 2391 1364 2455 comoed.

251 2491 320 2556 Att.
344 2490 438 2578 reliq.
459 2513 492 2576 p.
506 2497 546 2557 65
569 2492 624 2558 καὶ
635 2487 829 2575 Ἡρόδωρος
850 2486 896 2569 ῶς
916 2510 1000 2576 φησι
1021 2492 1077 2578 Π.)
1102 2489 1239 2573 ρφιοίλαι
1261 2495 1365 2574 ποιαί,

252 2583 301 2659 ῶν
319 2586 337 2659 ό
354 2587 507 2677 ὀμφαλός
525 2591 755 2680 παραπλήσιος
769 2591 900 2684 ἠθμῷ)
918 2588 936 2658 ὁ
956 2589 993 2658 δὲ
1010 2589 1214 2673 Μυρλεανός
1226 2589 1366 2676 Ἀοκλη·

251 2698 373 2782 πιάθης
399 2698 437 2762 ἐν
460 2707 531 2774 τοῖς
551 2696 628 2779 περί
650 2700 837 2782 Κρατίνου·
872 2707 882 2737 ³
890 2692 1176 2782 βαλανειόμφαλοι
1199 2696 1365 2778 λέγονται,

251 2797 303 2868 ὅτι
332 2802 367 2864 ολ
392 2795 539 2883 ὀμφαλοί
560 2792 675 2863 αὐτῶν
699 2800 755 2864 καλ
778 2804 845 2865 τῶν
868 2801 1057 2885 βαλανείων
1078 2799 1113 2862 οί
1132 2793 1232 2862 θόλοι
1251 2791 1368 2879 ὅμοιοί

252 2906 360 2968 εἰσιν)
375 2903 431 2966 καί
441 2902 628 2983 Δίδυμος
642 2897 678 2965 δὲ
691 2895 737 2966 τὰ
749 2896 858 2965 αὐτοὶ
872 2897 976 2966 είπών
987 2903 1204 2982 παρατίθεται
1219 2892 1273 2986 (τὰ
1286 2898 1365 2964 add.

252 3005 414 3092 Toupius3
433 3004 474 3068 de
493 3024 574 3068 voce
592 3005 809 3084 παρατίθεται
832 3003 875 3068 cf.
895 3003 1022 3068 Hemst.
1040 3002 1083 3067 ad
1095 3003 1154 3067 Ar.
1177 3000 1263 3065 Plut.
1288 3001 1364 3085 720)

254 3104 477 3188 Λυκόφρονος
499 3099 608 3181 οὕτως
628 3105 764 3186 ἔχοντα·
788 3099 872 3169 ρἀπὸ
894 3109 962 3169 τῶν
977 3098 1141 3189 ὀμφαλῶν
1159 3106 1227 3167 τῶν
1246 3101 1283 3165 ἐν
1298 3112 1367 3177 τοις

254 3211 457 3293 γυναικείοις
479 3204 631 3289 πυέλοις,
656 3199 742 3270 ὅθεν
764 3218 832 3284 τοῖς
853 3211 1009 3290 σκαφίοις
1027 3201 1224 3288 ἀρύουσιν.’
1259 3202 1366 3284 Quam

254 3311 386 3400 quidem
412 3308 604 3373 sententiam
635 3329 743 3391 suam,
776 3308 834 3373 ubi
856 3310 989 3376 tandem
1011 3308 1238 3397 explanaverit
1260 3306 1367 3391 Didy-

253 3437 342 3494 mus,
373 3420 482 3478 utrum
493 3403 544 3473 'in
571 3413 803 3478 commentario
839 3415 872 3478 in
902 3413 1028 3478 Cratini
1057 3413 1231 3497 Fugitivos
1262 3431 1305 3472 cn
1332 3410 1365 3471 in

253 3517 359 3584 lexico
380 3515 515 3593 comico,
539 3535 582 3578 ex
595 3514 765 3580 Athenaeo
784 3515 940 3601 colligere
958 3537 1023 3578 non
1041 3534 1223 3600 possumus,
1246 3520 1367 3591 temen,

253 3628 290 3684 ut
310 3640 381 3683 eam
403 3619 542 3681 iniusto
566 3619 798 3683 commentario
822 3618 995 3704 aperuerit,
1017 3638 1124 3703 neque
1144 3636 1164 3677 a
1184 3612 1291 3676 lexico
1314 3631 1367 3674 co-

253 3722 338 3786 mico
359 3720 492 3801 afuisse,
512 3741 617 3803 nemo,
641 3720 756 3806 opinor
771 3718 980 3800 inficiabitur,
1002 3719 1058 3805 qui
1076 3717 1173 3781 modo
1191 3715 1272 3779 haec
1284 3713 1366 3777 Hcs.

253 3824 270 3887 I
290 3845 323 3909 p.
340 3825 400 3888 684
420 3822 608 3887 contulerit:
629 3817 1063 3905 Βαλανειομφόλους,
1085 3813 1175 3882 οὕτω
1200 3821 1367 3898 Κρατῖνος

253 3917 409 4007 ῶνόμασε
437 3920 496 4001 τὰς
516 3923 657 4006 ἐχούσας
683 3918 861 4006 ὀμφαλοὺς
878 3917 963 3987 ἄνευ
984 3916 1172 4002 προςῶπων
1195 3915 1313 3992 ὁποίας
1335 3918 1371 3981 ολ

252 4021 352 4090 θόλοι
366 4027 388 4109 ¹)
416 4025 469 4091 ἐπὶ
495 4029 565 4089 τῶν
592 4019 783 4109 ὀφθαλμῶν
806 4024 843 4089 ἐν
865 4023 1002 4099 πυέλοις
1029 4021 1066 4087 ἐν
1089 4035 1158 4100 τοῖς
1177 4023 1368 4105 βαλανείοις

324 4267 347 4330 l)
371 4270 473 4318 Locum
492 4268 564 4318 huuc
582 4269 710 4333 explanet
728 4269 810 4319 stium
834 4266 955 4318 Lobeck.
976 4264 1110 4331 Aglaoph.
1129 4265 1156 4315 11
1177 4283 1203 4330 p.
1228 4266 1292 4315 1004
1322 4264 1368 4313 ad·

252 4354 354 4418 scripto
372 4355 401 4405 in
418 4355 596 4405 adnotatione
615 4353 653 4422 [d]
672 4354 732 4406 loco
750 4354 874 4405 Caesarii
891 4351 964 4404 Diul.
984 4352 1028 4403 III
1046 4368 1073 4418 p.
1093 4353 1178 4403 6520
1196 4350 1264 4402 bibl.
1284 4350 1366 4416 Bign.
