2962 5024
1182 432 1244 492 213

15 623 27 644 ·
135 593 215 655 chus
235 593 306 677 ipse
330 592 498 674 attulerat,
521 598 543 656 I
555 597 595 656 36
618 597 728 657 1110ss
752 600 781 657 Y
799 596 856 656 138
881 589 1087 677 (γράφεσθαι
1110 597 1149 660 ds'
1162 614 1244 680 φησι

135 693 204 775 καί)
228 696 251 756 Ι
270 696 328 756 401
362 692 489 779 (ἐνίους
518 690 600 775 φησὶ
629 688 788 779 γράφειν)
812 698 843 759 Φ
865 699 926 757 575
948 690 1173 782 (Ἀρίσταρχος
1194 720 1243 762 τι-

136 791 198 870 νάς
226 810 309 876 φησι
337 790 509 878 γράφειν).
555 795 774 869 Econtrario
797 800 840 859 Μ
864 800 904 859 44
933 795 1053 880 legitur
1079 794 1243 881 γράφεται

136 890 297 978 άντίον,
324 889 432 972 οὕτως
453 891 517 978 γάρ
541 889 764 979 Ἀρίσταρχος,
787 919 805 961 e
827 918 891 984 quo
913 895 985 960 loeo
1005 920 1047 961 ne
1069 900 1149 985 quid
1168 900 1244 965 eali-

136 997 226 1061 diore
252 997 374 1082 impetu
395 1019 474 1060 usus
497 995 673 1061 concludas
696 1006 826 1081 caveto,
854 1019 929 1060 nam
953 1002 984 1063 Φ
1005 1003 1067 1063 446
1091 1010 1141 1064 est
1160 999 1244 1084 ypsi-

136 1119 233 1179 φεται
262 1094 373 1179 πόλει,
403 1092 448 1174 ὥς
473 1090 726 1180 Ἀριστοφάνης.
752 1135 788 1146 -
820 1097 1031 1173 Aristarchus
1054 1100 1244 1186 intellegen-

135 1198 195 1262 dus
218 1199 320 1261 estin
342 1196 399 1259 BL
421 1198 463 1262 ad
487 1203 516 1262 0
539 1204 575 1262 71
607 1194 694 1276 τινὲς
722 1196 759 1263 δὲ
787 1199 832 1286 (h.
857 1220 885 1262 e.
908 1198 1134 1284 Aristarchus)
1160 1197 1244 1284 γρά-

134 1313 238 1380 φουσι
256 1298 306 1382 (ut
325 1301 429 1362 Γ416
448 1302 479 1363 Φ
495 1302 556 1363 363
576 1301 659 1364 ἔνιοι
684 1299 854 1384 γράφουσι
875 1300 978 1372 Ξ255
1000 1301 1085 1365 ἔνιοι
1101 1304 1139 1365 Ν
1153 1303 1240 1386 541).

133 1400 215 1465 Vice
242 1421 340 1464 versa
367 1401 401 1462 in
431 1400 530 1465 schol.
555 1403 597 1466 ad
620 1409 653 1467 Δ
676 1407 735 1467 149
764 1402 801 1476 ἐν
824 1401 864 1467 δέ
883 1419 949 1477 τισι
970 1397 1092 1485 χαλκὸς
1114 1400 1240 1486 γράφε-

132 1523 195 1565 ται.
241 1496 306 1565 οὐκ
328 1494 461 1583 ἀρέσκει
483 1499 520 1564 δὲ
542 1505 590 1588 τῷ
607 1496 808 1590 Ἀριστάρχῳ
836 1504 930 1568 vides
959 1503 1033 1577 illos
1053 1500 1146 1578 τινάς
1168 1512 1244 1576 ante

132 1600 360 1666 Aristarchum
382 1601 501 1683 fuisse,
522 1612 558 1666 ut
576 1604 722 1685 nescias,
749 1604 827 1689 quid
848 1605 1004 1669 decernas
1027 1604 1068 1667 de
1091 1610 1112 1668 Ι
1130 1606 1191 1666 212
1214 1609 1244 1670 Λ

133 1706 205 1767 391.
229 1739 270 1748 -
299 1702 453 1766 Formula
479 1698 642 1784 γράφεται
669 1701 706 1768 δὲ
735 1707 792 1768 καί
816 1705 918 1768 utitur
942 1703 1106 1791 Didymus
1130 1711 1164 1771 K
1184 1710 1239 1769 161

134 1808 164 1869 Λ
185 1806 225 1867 38
245 1806 284 1866 Ν
302 1807 352 1865 71.
378 1805 439 1866 229
462 1806 491 1867 P
511 1804 572 1866 234
594 1807 625 1868 Φ
647 1806 719 1868 265.
749 1799 919 1887 Γράφεται
940 1801 1050 1868 δὲκαὶ
1072 1800 1146 1870 κατ’
1169 1807 1243 1870 ἔνια

135 1905 235 1969 semel
254 1911 380 1967 tantum
403 1903 522 1987 legitur
543 1902 585 1965 ad
615 1907 644 1967 T
661 1907 712 1987 90,
732 1905 789 1969 ubi
809 1906 927 1968 iterum
948 1906 1094 1991 quaestio
1118 1906 1242 1971 subori-

132 2013 194 2086 tur,
212 2006 281 2067 τοῖν
294 1996 545 2084 ὑπομνημάτων
556 2025 599 2066 an
611 2006 679 2091 τοῖν
690 2000 910 2087 ἀντιγράφων
926 2004 1088 2092 suppleas.
1110 2007 1242 2071 Utrum-

132 2127 194 2191 que
210 2102 387 2176 enimalibi
402 2102 530 2186 legitur,
544 2102 606 2166 hoe
618 2105 749 2191 quidem
764 2105 940 2186 rarissime,
950 2114 982 2168 ὀ.
991 2127 1022 2189 g.
1038 2107 1080 2171 ad
1096 2111 1199 2172 0645
1217 2114 1246 2172 Y

133 2208 209 2287 255,
233 2204 316 2268 illud
336 2204 466 2290 saepius
485 2225 629 2286 numere,
652 2209 713 2268 Δ3
736 2210 775 2270 Η
793 2210 824 2269 6.
842 2207 904 2268 452
927 2210 968 2269 Μ
989 2208 1050 2270 277
1072 2210 1111 2270 Ν
1126 2210 1187 2271 315
1213 2213 1241 2272 0

135 2309 193 2368 194
215 2310 252 2369 Π
270 2309 306 2367 41
333 2311 365 2367 et
385 2302 509 2387 absque
531 2302 614 2369 κατά
629 2307 660 2379 Ξ
675 2309 754 2390 3823
788 2307 826 2370 ἐν
854 2306 894 2371 ds'
910 2323 975 2371 τισι
998 2310 1066 2370 τῶν
1085 2300 1241 2392 ὑπομνη-

131 2403 245 2489 μάτων
264 2404 365 2468 habes
389 2412 417 2466 E
436 2407 497 2469 857
520 2410 611 2469 1195
632 2411 661 2470 Θ
683 2409 719 2470 81
750 2412 850 2470 1700
874 2412 906 2473 K
926 2412 966 2470 46
990 2411 1027 2470 Ν
1049 2412 1107 2468 115
1129 2410 1159 2480 Ξ
1180 2412 1242 2472 216

134 2511 196 2570 397
214 2508 243 2569 Ρ
263 2509 303 2569 34
321 2509 357 2568 Π
376 2509 415 2569 76
446 2509 477 2569 X
497 2509 568 2570 324.
615 2505 792 2586 Quaeritur
820 2508 936 2591 igitur,
971 2506 1100 2570 idemne
1131 2507 1241 2571 valeat

133 2608 171 2670 ἔν
189 2623 278 2669 τισιν
301 2605 430 2691 (Lehrs.
447 2606 571 2670 Herod.
595 2607 672 2671 dict.
693 2608 779 2672 solit.
802 2632 834 2693 p.
855 2608 924 2669 138.
946 2606 980 2690 9)
1006 2607 1112 2669 0394
1131 2611 1167 2670 Π
1180 2610 1241 2671 633

136 2709 224 2771 Τ96
242 2712 271 2769 Y
289 2709 328 2768 73
352 2711 383 2772 Φ
405 2710 467 2770 355
498 2712 535 2771 Ψ
553 2709 612 2770 135
637 2710 670 2770 Ω
693 2710 764 2770 373.
795 2707 882 2770 584?
925 2706 970 2769 At
991 2709 1029 2769 N
1048 2707 1108 2769 224
1132 2716 1182 2771 est
1204 2708 1241 2771 ἔν

132 2824 198 2872 τισι
234 2810 303 2871 τῶν
341 2801 563 2890 ἀντιγράφων
591 2817 623 2871 et
648 2813 678 2871 A
701 2810 773 2871 694.
798 2810 859 2870 737
888 2808 1001 2870 0622
1022 2806 1056 2868 in
1078 2806 1238 2871 Aristoni-

131 2911 198 2974 ceis
220 2901 394 2990 occurrite}
416 2910 526 2991 διπλῆ,
551 2905 603 2972 ὅτι
626 2909 663 2973 ἐν
674 2925 739 2972 τισι
760 2904 943 2991 γράφεται,
964 2911 1062 2972 1455
1086 2901 1237 2992 idisti,

130 3006 182 3075 ὅτι
202 3003 290 3085 τινὲς
312 3005 499 3091 γράφουσα
523 3009 565 3073 el.
589 3013 619 3074 A
645 3011 703 3072 142
728 3013 753 3073 B
775 3011 853 3090 458,
876 3032 906 3094 q.
931 3008 952 3071 l.
982 3009 1188 3073 Aristonicus
1208 3017 1241 3073 et

128 3109 293 3195 Didymus
324 3109 486 3199 coaluisse
510 3110 672 3174 videntur.
695 3147 738 3159 -
762 3103 815 3172 Ἐν
845 3108 948 3186 ἐνίαις
968 3109 1069 3173 habe's
1097 3115 1131 3174 Σ
1152 3115 1189 3173 14
1209 3115 1241 3175 Φ

133 3213 202 3274 183.
220 3247 263 3259 -
283 3209 363 3289 Sola
378 3232 459 3275 voce
474 3211 562 3288 τινές
582 3210 755 3276 admodum
777 3233 852 3275 raro
871 3212 971 3277 schol.
984 3212 1026 3294 A,
1050 3213 1240 3299 saepissime

130 3311 160 3374 V
179 3320 212 3375 et
226 3310 318 3374 BDL
338 3319 483 3375 utuntur.

214 3456 342 3545 Quodsi
371 3464 486 3528 horum
515 3466 673 3550 quidquid
706 3466 852 3549 attigeris
877 3464 1061 3542 ulcerosum
1083 3472 1148 3542 est,
1175 3484 1240 3526 non

131 3566 267 3629 multum
286 3585 417 3644 vereor,
444 3587 486 3628 ne
507 3566 542 3627 in
564 3566 834 3651 vituperationem
864 3567 1042 3644 incurram,
1072 3562 1175 3649 quod,
1199 3585 1240 3626 ne
1292 3623 1295 3628 .

130 3666 254 3727 minore
277 3664 461 3727 constantia
483 3687 551 3727 rem
573 3663 819 3729 administrasse
840 3663 965 3745 videar,
984 3683 1095 3726 omnes
1110 3661 1239 3745 glossas

119 3765 298 3835 breviores
320 3764 505 3844 omiserim,
526 3766 559 3825 in
582 3762 699 3848 quibus
720 3758 901 3844 γράφεται,
925 3758 1179 3845 praeparasset,
1201 3761 1238 3825 ἐν

131 3859 238 3950 desp,
261 3863 298 3928 ἐν
321 3856 435 3936 ἄλλοις
457 3864 494 3948 (Ι
513 3863 600 3942 246),
624 3856 732 3937 άλλως
754 3864 802 3948 (Σ
822 3861 908 3945 560),
928 3856 1015 3944 τινὲς
1035 3857 1237 3944 γράφουσιν,

129 3966 167 4028 ἕν
184 3980 259 4045 τισι,
282 3962 402 4027 similia
422 3962 584 4046 leguntur.

214 4114 472 4180 Commentarios
500 4112 637 4198 Didymi
665 4119 739 4199 post
768 4089 994 4176 Alexandruin
1019 4110 1238 4198 Cotyaensem

127 4216 319 4302 praesertim
328 4215 529 4302 Porphyrius
553 4214 739 4278 excussisse
753 4214 895 4296 videtur,
918 4213 1096 4298 eidemque,
1119 4213 1154 4274 ni
1177 4211 1235 4275 fal·
1340 4207 1345 4215 ’

127 4314 193 4396 lor,
217 4315 376 4381 debentur
398 4316 484 4380 inter
508 4314 621 4380 scholl.
650 4313 690 4378 ΙΙ.
713 4314 777 4378 AD
800 4313 919 4400 Odyss.
944 4312 1066 4398 QBEV
1087 4335 1142 4397 ea,
1169 4314 1237 4402 qui-
