2948 5024
1212 401 1253 463 87

679 565 709 624 l.

224 662 369 748 Hesych.
400 662 434 725 ΙΙ
459 665 521 727 426
552 662 758 745 (Phavorin.)
802 665 1035 746 Δααιέρσαι·
1073 651 1251 752 Δαμιιὲσας

141 765 296 849 (Musur.)
320 764 472 846 Δίδυμος
486 759 566 838 τούς
582 759 819 846 Διοσκούρους
834 759 900 828 tut
920 766 1095 850 Δαιιέρσης
1111 767 1249 848 πόλεως.

140 864 233 950 (Leg.
256 864 454 949 Δαμιιέρσας
477 866 629 947 Δίδυμος
655 861 735 940 τοὺς
757 865 993 947 Διοσκούρους
1016 864 1156 953 [ἀκούει]
1184 867 1249 937 ἀπὸ

140 969 207 1048 Λᾶ,
236 970 416 1049 περθείσης
439 967 591 1051 πόλεως).
628 965 752 1030 Lexico
780 968 904 1050 tragico
932 969 1091 1056 adscripsi
1118 983 1250 1060 propter

138 1089 232 1130 usum
259 1067 409 1132 vocabuli
437 1091 489 1156 ap.
520 1066 713 1154 Sophoclem
744 1066 915 1132 Strabonis
938 1070 1020 1133 VIII
1043 1095 1075 1158 p.
1099 1075 1160 1136 361
1193 1073 1249 1137 ob·

138 1170 239 1233 vium.
262 1169 359 1256 Apud
375 1170 524 1256 Lycoph.
541 1169 637 1234 Alex.
656 1173 713 1232 511
737 1168 892 1233 Dioscuri
913 1173 1096 1253 Δαιιέρσιοι
1112 1175 1250 1241 audiunt

138 1271 175 1333 oi
206 1263 388 1354 ἡμίθυητοι
397 1273 420 1357 ¹)
472 1273 625 1352 δίπτυχοι
670 1272 864 1350 Δααέρσιυι.
927 1272 1027 1337 Urbis
1065 1275 1248 1340 Laconicae

139 1362 175 1452 (ἡ
204 1372 254 1433 Aoi
284 1407 328 1420 -
362 1364 488 1456 ὁΛᾶς)
530 1370 726 1435 mentionem
756 1371 895 1433 iniciunt
927 1371 1022 1437 Hom.
1056 1374 1095 1438 Il.
1128 1381 1156 1440 B
1186 1381 1246 1441 585

137 1470 301 1557 Lycophr.
325 1475 365 1535 95
395 1472 544 1558 Thucyd.
568 1471 651 1535 VIII
673 1475 725 1534 91.
748 1473 789 1533 92
819 1470 889 1555 (ubi
912 1473 997 1536 male
1023 1473 1076 1538 ἐπὶ
1098 1481 1156 1558 τῆς
1177 1483 1247 1542 Δα-

136 1576 282 1654 ιιωυικῆς
304 1572 458 1656 vulgatur
479 1594 538 1658 pro
561 1569 617 1636 ἐπὶ
637 1575 688 1655 Api
702 1574 771 1653 [τῆς
792 1576 853 1652 Aa}
868 1577 1012 1654 ιιωυικῆς
1034 1586 1071 1638 ut
1091 1578 1247 1642 exhibent

136 1672 232 1736 codd.
254 1672 329 1735 Vat.
349 1673 419 1735 Pal.
443 1671 508 1755 ul.)
525 1671 599 1733 Liv.
614 1668 801 1732 XXXVIII
815 1673 855 1732 30
876 1669 982 1733 Strab.
997 1671 1080 1735 VIII
1095 1696 1127 1759 p.
1141 1679 1203 1738 566
1217 1679 1245 1740 Β

137 1772 214 1835 Cas.
237 1771 380 1833 Pausan.
401 1769 453 1832 IlI
475 1772 529 1849 21,
551 1773 580 1832 6.
616 1770 671 1849 24,
696 1771 715 1829 2
749 1767 800 1832 Ol.
824 1767 961 1834 Ptolem.
985 1771 1106 1856 Geogr.
1130 1774 1184 1837 III
1209 1781 1244 1839 14

136 1895 169 1957 p.
188 1873 249 1933 238
278 1868 329 1931 od.
359 1868 484 1952 Wilbg.
515 1878 547 1931 et
571 1867 690 1932 Grash.
720 1865 832 1952 Steph.
863 1867 944 1953 Byr.
974 1872 1094 1951 404,5
1123 1872 1174 1936 ed.
1198 1875 1243 1939 M.

136 1975 209 2051 691,
232 1974 265 2032 11
281 1969 325 2032 Μ.
349 1977 391 2031 et.
408 1991 448 2032 in.
472 1973 575 2050 553,1
598 1967 707 2031 Bekk.
730 1968 866 2032 anecdd.
880 1968 933 2031 III
949 1993 981 2056 p.
999 1974 1078 2034 1159
1094 1972 1243 2040 Eustath.

136 2075 207 2153 2311,
224 2073 381 2151 2;-.295,
400 2074 438 2133 31
457 2094 504 2156 sq.
535 2070 591 2156 (cf.
614 2071 680 2134 ind.
700 2069 842 2156 Devar.)
863 2069 961 2134 Alex.
985 2071 1026 2135 ab
1049 2073 1145 2138 Alex.
1168 2099 1243 2159 gen.

135 2174 216 2237 dier.
236 2173 266 2234 V
287 2177 323 2236 10
337 2171 402 2235 vol.
418 2172 452 2236 lI
467 2174 547 2259 p.88
560 2172 710 2259 Heynius
722 2171 764 2235 ad
776 2171 873 2235 Hom.
886 2171 951 2235 vol.
968 2173 1016 2236 IV
1027 2198 1059 2261 p.
1076 2177 1133 2238 331
1152 2176 1188 2241 C.
1202 2179 1241 2242 Ο.

135 2274 283 2338 Mueller.
304 2274 386 2338 Dor.
411 2273 427 2337 I
448 2296 480 2362 p.
501 2278 542 2338 94
567 2274 601 2336 Il
622 2296 653 2358 p.
675 2276 748 2336 453.
793 2272 914 2336 Montis
938 2273 1104 2361 Lapersae
1131 2282 1243 2342 memi-

133 2377 183 2438 nit
200 2374 311 2461 Steph.
330 2374 412 2460 Byz.
435 2377 538 2456 112,3
562 2375 613 2438 cd.
630 2374 741 2454 Mein,
763 2375 818 2459 qui
842 2373 1164 2441 RhianiEliacorum
1188 2378 1209 2442 l.
1227 2380 1243 2442 Ι

134 2478 256 2540 excitat
286 2477 344 2561 (cf.
373 2475 517 2540 Meinek.
546 2474 644 2539 anall.
676 2474 772 2538 Alex.
801 2497 833 2559 p.
859 2476 944 2556 184).
1000 2476 1087 2541 Hinc
1119 2478 1244 2564 Iupiter

134 2579 309 2664 Lapersius
333 2579 439 2643 dictus
460 2578 609 2664 Lycoph.
626 2579 705 2640 1369
729 2576 899 2639 Constant.
913 2576 1073 2663 Porphyr.
1099 2579 1139 2642 de
1156 2580 1241 2644 adm.

133 2682 209 2767 imp.
238 2702 266 2744 e.
286 2682 326 2744 29
350 2704 382 2766 p.
406 2682 480 2762 136,
507 2683 544 2742 17
573 2677 624 2741 ed.
653 2677 759 2741 Bonn.
787 2698 860 2739 cum
891 2677 966 2740 adn.
990 2678 1072 2741 Ans.
1096 2679 1242 2744 Banduri

131 2805 163 2869 p.
188 2783 250 2846 342
262 2802 310 2867 sq.
334 2780 498 2861 Ceterum,
521 2789 556 2844 ut
578 2779 695 2844 hocin
716 2788 906 2843 transcursu
925 2800 1084 2863 moneam,
1106 2782 1242 2846 homini·

131 2883 193 2948 bus
214 2885 312 2947 etiam
334 2886 403 2959 Λᾶς
436 2879 542 2968 (Δάας
564 2881 711 2945 Philemo
733 2904 764 2967 p.
791 2886 831 2944 70
853 2881 992 2964 Osann.)
1020 2905 1137 2947 nomen
1159 2884 1242 2949 indi-

130 2995 198 3050 tum
225 2994 304 3048 erat.
349 2985 488 3069 Scripsit
513 2985 599 3048 enim
627 2983 729 3065 Laas,
759 2984 870 3047 nescio
899 2984 1005 3066 cuias,
1035 2984 1075 3050 de
1097 2984 1241 3072 lapidum

131 3086 309 3172 sculptura,
336 3093 372 3149 ut
394 3085 564 3149 Melissum
586 3085 627 3149 de
656 3084 773 3171 apibus
800 3084 995 3148 disseruisse
1021 3107 1039 3149 e
1062 3086 1177 3150 Servio
1199 3087 1242 3150 ad

130 3189 213 3252 Aen.
226 3186 292 3250 VII
306 3190 346 3252 66
369 3197 569 3273 compertum
580 3185 748 3267 babemus,
772 3185 879 3250 Bekk.
893 3186 1030 3250 anecdd.
1049 3186 1100 3249 III
1115 3210 1145 3272 p.
1163 3190 1241 3250 1182

131 3286 204 3354 Asia
234 3286 310 3370 περὶ
338 3293 448 3354 λίθοιν
473 3292 614 3371 γλυφῆς·
666 3288 819 3352 Forsitan
847 3288 933 3351 idem
962 3286 1076 3369 fuerit,
1104 3290 1160 3374 qui
1174 3311 1239 3375 ap.

130 3392 241 3456 Tnetz.
265 3389 350 3455 Chil.
372 3389 542 3472 2,921111.
566 3394 606 3453 59
633 3388 736 3464 Λάϊος
757 3399 909 3469 vocatur,
930 3412 993 3475 quo
1013 3389 1084 3452 loco
1112 3412 1170 3475 pro
1192 3389 1242 3463 τὶς

130 3489 319 3576 φιλόσοφος
349 3492 487 3556 fortasse
515 3490 726 3573 λιθογλύφος
749 3515 799 3566 τις
829 3490 1074 3555 rescribendum
1096 3490 1174 3570 erit3
1196 3490 1239 3553 cf.

129 3619 161 3659 v.
175 3596 237 3657 923
260 3604 293 3657 et
314 3592 430 3656 Philol.
452 3592 501 3656 IV
521 3595 539 3654 2
562 3617 593 3679 p.
617 3595 689 3656 381.
721 3592 820 3679 Apud
841 3590 1000 3655 Soterich.
1022 3591 1100 3652 Oas.
1124 3593 1160 3651 41
1196 3590 1236 3653 A.

128 3693 296 3758 Nauckius
313 3696 347 3756 in
359 3692 477 3757 Philol.
490 3692 538 3756 lV
550 3697 579 3774 4,
591 3695 651 3758 621
672 3696 817 3774 πλαγίου
834 3714 908 3757 cum
919 3691 1077 3754 llluellero
1097 3688 1239 3776 explosit

128 3797 236 3860 Λαΐου
258 3795 467 3875 substituens,
487 3793 628 3859 debebat
647 3792 743 3879 Λᾴου
765 3816 784 3858 e
807 3792 1047 3857 Schneidewini
1068 3792 1239 3871 sententia,

2 3958 6 3965 .
78 3975 85 3988 ,
129 3898 181 3963 cui
207 3897 407 3983 opitulantur
424 3895 533 3960 Bekk.
555 3896 692 3960 anecdd.
715 3895 749 3957 II
769 3917 801 3980 p.
821 3897 893 3972 567,
917 3896 946 3954 7.
970 3892 999 3955 Ε
1021 3892 1184 3955 contrario
1205 3892 1240 3954 in

130 4000 251 4083 Georg.
272 3999 370 4086 Syuc.
393 4022 425 4085 p.
442 4000 499 4062 193
512 3997 545 4061 D
560 3997 631 4060 =I
648 4020 680 4083 p.
697 4000 758 4062 365
772 3995 824 4061 ed.
836 3995 942 4059 Bonn.
965 3993 1132 4080 scriptoris
1149 3988 1239 4069 Δάας

199 4155 225 4219 1)
249 4156 310 4206 Hoc
333 4155 494 4206 vocabulum
516 4156 544 4205 in
569 4156 724 4205 memoriam
751 4157 863 4203 revocat
885 4150 1004 4216 Hesyeh.
1033 4150 1061 4199 Il
1089 4147 1140 4198 233
1168 4163 1191 4197 s.
1211 4165 1237 4198 v.

127 4243 274 4306 κουρεῖον·
305 4240 457 4320 {emostis
475 4235 658 4312 Ἀνδρομέδᾳ·
678 4232 864 4306 ‘cipreseas
882 4229 1015 4303 κοόρειου
1035 4227 1128 4303 ᾑρέθη
1148 4228 1238 4285 πόλει.

125 4330 209 4379 Latet
233 4320 470 4380 ‘mnemon
477 4372 483 4383 .
