2948 5024
1208 383 1248 447 83

131 551 259 637 piarum
287 549 394 614 fontes
423 548 626 612 numeranda
650 562 737 629 esse,
767 570 962 635 quamquam
984 550 1130 631 nescius,
1161 573 1246 614 com-

130 673 260 715 munem
278 652 457 736 utriusqus,
479 648 588 713 Photii
609 649 743 735 inquam
763 648 996 738 Ilesychiiquc,
1019 648 1143 715 fontem
1165 651 1244 717 Dio·

131 738 307 837 genianum
335 750 439 814 fuisse
467 749 509 814 ab
536 744 674 835 utroque
703 749 842 815 candide
870 749 1047 815 laudatum.
1093 749 1246 814 Ceterum

131 852 192 917 hoc
212 852 313 916 velim
335 872 400 932 eos,
423 850 541 939 quibus
563 849 644 912 haec
668 850 776 914 studia
793 851 885 915 cordi
900 861 985 934 sunt,
1009 851 1158 933 monitos,
1178 873 1244 915 ma·

131 955 232 1018 iorem
258 953 293 1015 in
320 951 519 1021 consulendo
547 949 665 1015 Photio
702 973 799 1038 quarn
822 951 989 1038 Hesychio
1011 954 1171 1019 cautelam
1189 956 1244 1022 ad·

130 1052 305 1117 bibendam
325 1075 407 1135 csse,
426 1074 467 1116 ne
487 1074 547 1139 per
563 1051 806 1137 Diogenianum
828 1076 872 1118 ex
887 1054 968 1140 ipsis
984 1054 1122 1143 Didymi
1141 1058 1244 1142 copiis

130 1156 333 1240 suspicemur
360 1153 423 1218 huc
453 1153 590 1218 fluxisse
619 1152 746 1237 glossas
772 1155 815 1220 ad
840 1177 939 1220 unam
967 1178 1079 1221 omnes
1100 1159 1243 1241 tragicos

128 1264 242 1340 poetas
272 1257 478 1341 comicosque
496 1261 696 1339 spectantes,
723 1258 843 1344 quippe
865 1280 1002 1344 quarum
1024 1279 1089 1322 non
1110 1258 1243 1322 minima

128 1378 203 1442 pars
236 1357 300 1420 huc
330 1354 567 1439 immigraverit
583 1375 617 1417 ,θ
652 1354 805 1441 Dionysii
838 1359 1086 1445 Pausaniaequc
1115 1358 1241 1442 lexicis,

128 1479 264 1542 quorum
292 1455 514 1523 conditoribus
542 1454 619 1518 licet
647 1455 755 1519 aditus
784 1457 826 1521 ad
851 1459 957 1543 ipsum
985 1458 1166 1544 Didymum
1185 1482 1241 1546 pa·

128 1559 268 1623 tefactus
292 1567 394 1638 esset,
423 1556 603 1639 Dionysius
631 1566 740 1619 tamen
767 1556 922 1621 Atticista
947 1569 1094 1623 nostrum
1119 1562 1166 1624 ita
1184 1563 1240 1626 ad·

128 1658 249 1742 hibuit,
277 1668 313 1722 ut
340 1679 458 1745 parcns
485 1658 556 1719 eius
583 1678 662 1719 usus
684 1657 869 1721 etiamnunc
889 1681 906 1721 e
926 1659 1119 1744 fragmentis
1141 1661 1242 1727 lexici

126 1782 147 1822 a
170 1760 294 1824 Meiero
316 1763 446 1844 (comm.
469 1757 746 1839 Andocc.VI,1v
774 1780 807 1844 p.
825 1762 844 1823 3
864 1798 907 1809 —
928 1782 960 1846 p.
982 1762 1035 1847 15)
1068 1765 1240 1849 compositi

126 1860 264 1942 elucent,
285 1860 466 1924 Pausanias
487 1879 567 1924 vcro
590 1859 733 1943 inspexit
750 1862 941 1947 saepissime
963 1861 1020 1949 (cf.
1038 1862 1155 1927 Meier.
1168 1865 1190 1928 1.
1209 1887 1238 1930 c.

124 1984 157 2047 p.
185 1967 222 2025 17
250 1956 440 2043 ἄφλαστον;
468 1960 543 2024 add.
575 1959 748 2044 βρίκελοι).
792 1960 933 2026 Fallitur
962 1964 1064 2048 igitur
1094 1964 1237 2031 Meierus

123 2082 156 2146 p.
179 2064 219 2125 30
251 2063 283 2125 in
311 2082 366 2144 ao,
394 2062 480 2148 quod
503 2063 631 2143 statuit,
662 2061 844 2126 Pausaniae
864 2062 1028 2127 thesauris
1048 2088 1141 2129 usum
1165 2089 1237 2131 esse

127 2163 327 2250 Hesychium
354 2185 380 2226 s.
402 2185 434 2226 v.
461 2160 642 2245 γρόνθων,
674 2160 808 2245 ἰδύους,
833 2162 1030 2249 inarctetur,
1052 2165 1236 2234 Θετταλικὰ
1360 2224 1363 2230 ,

125 2260 229 2342 πτερά
258 2261 349 2345 aliis,
383 2265 429 2325 ita
455 2262 563 2348 potius
592 2282 644 2324 res
667 2271 854 2347 comparata
876 2271 941 2345 est,
967 2274 1017 2347 ut,
1047 2287 1142 2353 quem
1161 2289 1235 2331 con-

125 2363 244 2428 sultum
272 2385 292 2426 a
319 2385 355 2427 se
374 2363 554 2426 Pausanias
583 2361 763 2449 Didymum
785 2362 903 2426 Photio
921 2364 1070 2448 tradidit,
1096 2367 1235 2431 eundem

124 2464 332 2550 compilatum
351 2486 371 2526 a
385 2462 555 2548 Pamphilo
577 2463 716 2546 primum
733 2461 958 2546 Diogenianus
981 2465 1242 2553 Pericrgopene··

120 2566 208 2631 tibus
237 2567 303 2631 suis
333 2565 527 2645 intexuerit,
558 2562 676 2627 deinde
699 2563 885 2648 Hesychius
907 2565 1108 2653 Photiusquc
1129 2571 1235 2651 magis

123 2671 221 2734 etiarn
240 2668 425 2733 breviatum
446 2689 504 2755 per
527 2666 770 2749 Diogenianum
792 2669 987 2752 acceperint.
1019 2669 1091 2748 Quo
1113 2669 1235 2733 factum

124 2780 189 2855 est,
218 2781 256 2836 ut
278 2768 531 2857 aliqnammultis
553 2769 634 2832 locis
655 2766 859 2853 Hesychium
881 2790 955 2833 cum
976 2770 1141 2834 Pausania
1160 2794 1234 2836 con-

123 2873 314 2938 sentientem
344 2871 584 2959 deprehendas,
613 2890 756 2956 vcroque
781 2869 947 2934 simillima
969 2872 1011 2936 sit
1038 2873 1233 2956 coniectura,

122 2998 177 3039 eas
200 2976 337 3060 glossas,
361 2995 497 3060 quarum
516 2972 692 3058 explicatio
715 2973 843 3058 utrique
867 2975 1047 3038 communis
1071 2975 1122 3058 sit,
1141 2998 1161 3039 a
1175 2974 1234 3039 Di·

121 3077 220 3163 dymo
242 3098 315 3140 esse
334 3076 509 3162 profectas.
544 3074 724 3160 Dionysius
747 3095 825 3138 vero
848 3074 1043 3163 aliquotiens
1066 3077 1108 3141 ab
1128 3077 1233 3166 Hesy-

120 3177 194 3240 chio
222 3175 373 3240 laudatus
398 3178 553 3241 Atticista
580 3198 645 3240 non
673 3186 737 3259 cst,
767 3185 803 3240 nt
821 3176 971 3261 opinatur
991 3176 1134 3242 Meierus
1158 3177 1179 3241 l.
1203 3200 1231 3242 c.

120 3300 152 3364 p.
178 3282 229 3341 lb.
274 3277 453 3344 Verissime
475 3281 561 3343 enim
581 3278 796 3343 Schrewclius
816 3300 849 3364 p.
869 3281 927 3343 198
947 3279 991 3343 ad
1009 3301 1041 3343 v.
1065 3277 1233 3363 βούτυρος

118 3380 254 3444 adnotat
282 3377 459 3463 ‘Intellege
482 3379 522 3444 de
537 3379 709 3467 Dionysio,
732 3382 787 3466 qui
811 3379 852 3444 de
868 3401 904 3444 re
922 3378 1074 3444 herbaria
1090 3379 1231 3465 scripsit·

119 3482 204 3545 Plin.
226 3480 366 3545 XXV2
397 3480 542 3567 (Martin.
565 3504 598 3568 p.
623 3481 731 3562 209)st
776 3479 869 3545 Idem
890 3480 980 3544 valet
1000 3480 1041 3544 de
1063 3475 1232 3564 ἀμβλῶ-

121 3601 204 3654 nse·
231 3576 391 3662 χαλβάνη.
415 3575 615 3659 Διονύσιος,
642 3581 799 3665 itemque,
822 3580 856 3642 ni
877 3577 990 3660 fallor,
1014 3577 1055 3642 de
1077 3575 1180 3662 γύης
1201 3585 1233 3641 ct

118 3673 289 3761 ὑγρίην,
316 3700 399 3765 quae
420 3678 626 3765 Pamphilum
654 3679 846 3765 apposuisse
866 3677 1025 3760 suspicor.
1077 3674 1146 3738 Sub
1176 3698 1231 3738 vv.

117 3780 279 3861 ἰστρίανα.
311 3784 445 3842 κλισίαι.
476 3782 685 3858 exoptatius
713 3776 800 3840 haud
822 3776 921 3839 dubie
943 3796 1026 3837 unns
1050 3797 1067 3838 e
1090 3775 1233 3837 maxima

117 3880 352 3967 Dionysiorum
370 3880 502 3946 cohorte
519 3880 679 3958 laudatur,
702 3878 757 3962 qui
777 3885 852 3938 aute
869 3876 1046 3960 Didymmu
1065 3877 1230 3940 vixerunt.

116 3983 185 4048 Sub
200 4006 232 4047 v.
255 3979 394 4059 ὑάλικος
416 3982 557 4067 denique
574 4002 637 4044 scr.
659 3976 832 4052 διονύσιος
855 3977 886 4041 h.
906 3999 934 4041 e.
961 3975 1135 4041 bacchicus
1156 3978 1232 4041 coll.

116 4087 310 4166 βρυαλλίχα.
