2962 5024
607 416 801 476 -Χ-
1201 415 1260 480 173

230 588 283 650 48.
304 580 414 661 οὕτως
422 575 634 664 Ἀρίσταρχος
649 576 704 645 διά
718 584 780 645 τοῦ
795 604 814 644 τ
828 576 900 643 του’
906 604 938 664 ς,
955 575 1050 648 ἄλλοι
1066 579 1103 646 δὲ
1118 581 1167 650 οὕ
1173 612 1199 664 ς.
1216 590 1257 655 Α.

231 705 282 766 51.
321 703 359 767 αί
392 696 458 767 άπὸ
481 698 628 767 ·πόλεων
661 699 782 764 παιδί
811 700 912 784 φίλφ
945 693 1022 764 άντλ
1051 706 1114 767 τοῦ
1143 710 1260 774 παιδί

147 802 290 884 γέρων.
310 803 351 867 A.

233 922 284 983 69.
305 914 571 1005 πυλαωρούς·
587 912 1081 1007 Ἀρίσταρχοςθυραωρούς,
1097 924 1260 1010 θυροφά-

147 1023 258 1095 λακας.
287 1021 329 1084 Α.

234 1124 285 1186 73.
308 1116 417 1198 οὕτως
435 1115 646 1204 Ἀρίσταρχος
667 1114 723 1184 διά
745 1124 814 1185 των
836 1118 899 1187 δύο
922 1147 943 1207 η
963 1123 1113 1212 φανήῃ.
1135 1127 1178 1191 Α.

187 1218 190 1222 ’
233 1223 284 1286 83.
308 1216 417 1299 οὕτως
439 1219 495 1286 διά
517 1225 579 1287 τοῦ
600 1245 629 1305 τ,
652 1226 694 1286 εί
711 1222 814 1288 ποτέ
828 1246 904 1289 τοι.
928 1225 970 1291 Α.

232 1323 284 1386 85.
305 1318 399 1387 ἐάν·
422 1319 531 1400 οὕτως
550 1317 770 1407 Ἀρίσταρχος,
791 1318 886 1392 ἄλλοι
906 1326 943 1391 03
965 1319 1048 1391 ίω’ν.
1071 1331 1113 1394 A.
1143 1331 1193 1397 Of.
1215 1335 1255 1399 Β.

230 1440 281 1502 93.
314 1440 399 1504 ἔνιαι
421 1440 458 1506 δὲ
481 1444 550 1505 τῶν
571 1439 655 1506 κατὰ
678 1440 792 1519 πόλεις
816 1437 872 1507 διὰ
897 1447 959 1508 τοῦ
981 1468 1002 1508 ν
1023 1440 1257 1531 ὀρέστερον

146 1535 202 1601 καλ
224 1531 300 1604 ἀντὶ
320 1544 383 1605 τοῦ
405 1540 523 1628 μένῃσι
546 1541 711 1629 δοκεύῃ.
730 1546 772 1608 Α.
796 1545 834 1607 ἔν
856 1559 922 1608 τισι
944 1549 1012 1608 των
1034 1540 1101 1611 άπὸ
1125 1546 1257 1614 πόλεων

146 1630 378 1725 ὀρέστερον
400 1637 535 1726 ἄνδρα
556 1641 739 1709 δοκεάοι.
761 1643 803 1709 A.

230 1760 299 1824 108.
323 1760 510 1846 κέρδιον·
533 1762 570 1826 αλ
585 1757 668 1827 κατὰ
689 1757 798 1847 ἄνδρα
820 1761 1001 1830 κάλλιον.
1023 1766 1064 1829 A.

234 1862 303 1926 109.
320 1866 667 1930 κατακτείναντα·
680 1865 790 1948 διχως,
803 1862 1197 1935 καὶκατακτείναντι.
1213 1873 1255 1936 Α.

231 1966 300 2029 118.
328 1960 541 2051 Ἀρίσταρχος
562 1959 885 2033 ἀποδάσσεσθαι
906 1967 962 2032 διὰ
984 1972 1047 2033 τοῦ
1070 1990 1095 2032 ε.
1119 1970 1160 2034 A.
1187 1969 1253 2060 [V.]

237 2070 306 2133 121.
331 2064 440 2145 οὕτως
458 2066 559 2152 χωρὶς
580 2071 643 2132 τοῦ
663 2068 684 2132 0
707 2062 811 2134 άλλά
834 2072 900 2152 τίη
920 2092 1000 2152 μοι.
1020 2070 1061 2134 A.
1145 2144 1152 2149 ,

233 2192 303 2253 129.
327 2190 379 2252 30.
409 2181 504 2251 ὅττι
523 2182 710 2271 τάχιστα·
743 2187 781 2253 ἐν
800 2181 915 2264 ἄλλοις
936 2181 1048 2271 ὄφρα
1070 2185 1254 2272 τάχιστα.

146 2295 246 2358 τοῦτο
266 2290 303 2357 δὲ
321 2287 387 2355 κτὲ.
406 2287 447 2352 A.
472 2288 605 2375 Recepi,
629 2289 717 2376 quod
737 2289 779 2354 ab
801 2292 901 2354 τοῦτο
924 2288 964 2354 δέ
975 2288 1148 2354 Nicanoris
1164 2289 1256 2355 scho-

146 2395 213 2460 lion
235 2393 360 2480 incipit.

234 2516 304 2577 197.
349 2504 667 2592 ἀποστρέψασκε
705 2509 761 2573 καί
800 2509 1166 2594 παραστρίιγασκε,
1202 2511 1256 2574 ιλι-

144 2618 220 2699 χοΞς.
252 2613 295 2677 Α.

233 2715 303 2779 198.
323 2707 432 2791 οὕτως
451 2707 506 2778 διά
527 2715 590 2776 τοῦ
613 2732 629 2775 ε
651 2709 806 2775 πέτετο.
830 2710 872 2774 Α.

230 2834 302 2895 202.
338 2823 625 2911 ὑπεξέφυγεν·
662 2822 874 2912 Ἀρίσταρχος
904 2818 1177 2909 ὑπεξέφερεν.
1210 2828 1252 2895 A.

146 2927 203 3018 [ἵν’
221 2922 243 3019 ᾖ
262 2927 383 3016 ὅμοιον
405 2933 451 3017 τῷ
474 2923 578 3012 *ὑπὲρ
600 2927 763 2995 θανάτοιο
786 2926 951 3011 φίροντα’
975 2926 1028 3014 (11.
1048 2931 1176 3016 0628).
1196 2931 1251 3021 V.]

227 3053 299 3115 251.
324 3051 430 3116 δίον·
451 3073 504 3135 γρ.
526 3052 582 3115 καλ
603 3050 624 3113 0
630 3051 704 3132 ίες,
727 3046 783 3112 καὶ
801 3039 908 3124 οὕτως
928 3041 1018 3130 εἶχον
1034 3047 1072 3111 αί
1082 3050 1253 3132 χαριέστε-

144 3176 210 3236 ραι.
230 3154 315 3343 [294.
335 3250 494 3322 ἐκάλει·
517 3255 554 3319 αί
570 3256 638 3319 τῶν
660 3247 793 3318 πόλεων
812 3246 921 3334 ἐβόα.
947 3252 1000 3339 V.]

231 3370 315 3458 [301.
339 3369 471 3440 πάλαι
489 3373 601 3439 τότε·
631 3368 817 3454 πάροιθέ
838 3392 891 3451 γε.
917 3370 955 3433 ἐν
977 3369 1015 3435 δὲ
1036 3381 1107 3449 ταῖς
1127 3376 1253 3437 είκαιο-

142 3473 252 3556 τίραις
272 3470 401 3540 πάλαι
420 3472 527 3558 τόγε.
546 3474 602 3561 V.]

228 3593 300 3654 315.
322 3592 461 3654 καλαί·
481 3592 516 3655 αλ
538 3593 673 3668 πλείους
694 3591 842 3656 δειναί.
863 3588 905 3653 Α.

224 3706 295 3768 324.
330 3709 507 3789 φαίνετο
534 3703 567 3772 0’
598 3697 827 3792 ᾖκληλδες·
862 3707 900 3770 ἕν
917 3721 984 3771 τισι
1006 3709 1075 3770 των
1096 3699 1252 3790 ὑπομνη-

140 3802 257 3887 μάτων
281 3816 430 3887 φαλνεν
452 3803 495 3871 δὲ
513 3808 699 3889 κληῖδες,
720 3800 767 3869 ἵν’
792 3795 900 3891 ᾖτεόν
916 3806 1073 3890 τευχέων,
1096 3801 1137 3870 τὰ
1151 3803 1252 3891 τεύχη

140 3899 205 3971 οὐκ
233 3904 397 3971 ἐκάλυπτε
423 3902 486 3989 τὴν
515 3909 719 3989 λαυκανίην,
752 3899 827 3970 ἀλλ’
854 3903 958 3970 ἐποίει
987 3909 1181 3989 φαίνεσθαι.
1209 3911 1251 3972 A.

142 4006 331 4092 [φαίνετο
362 4004 406 4073 δὲ
434 4009 558 4092 κληλδ
567 4030 620 4085 ες·
650 4007 688 4069 ἔν
709 4023 775 4071 τισι
798 4015 955 4087 φαίνον
978 3997 1061 4093 0ὲῇ
1083 4010 1254 4091 κληίδε-

139 4122 215 4173 σιν.
238 4110 291 4199 V.]

221 4232 294 4295 336.
325 4224 545 4313 ἕλκήσουσ’
576 4223 720 4306 άλκῶς·
752 4227 787 4292 οί
812 4224 887 4309 περὶ
912 4220 1107 4310 Ἀντίμαχον
1134 4224 1187 4292 ἐπὶ
1212 4221 1250 4291 vo*

48 4420 53 4428 ι
140 4327 401 4415 γνωριμώτερον
423 4326 655 4414 ἑλκήσουσι
674 4331 824 4404 κακῶς.
846 4327 889 4392 A.
