2962 5024
228 392 289 452 216

229 552 313 623 κατὰ
329 556 418 633 λέξιν
438 548 561 631 οὕτως·
583 549 767 639 Πολνζηλμ
791 554 908 616 τοίνυν
926 551 972 637 τῷ
992 552 1054 615 τοῦ
1067 542 1217 633 Ἱέρωνος
1238 543 1341 615 άδελ-

229 664 300 747 (pp,
322 658 475 734 Γέλωνος
497 650 579 740 μετὰ
601 657 659 738 τῆς
680 655 878 736 στρατηγίας
899 650 954 716 καὶ
976 647 1038 734 τὴν
1060 661 1204 735 γυναῖκα
1219 657 1340 735 Δημα-

229 762 327 845 ρέτην
350 756 433 825 κατὰ
455 756 516 842 τὴν
538 751 945 839 τελευτηνέγγνησαντος,
969 747 1065 837 ὥστε,
1088 747 1173 837 άπερ
1197 749 1339 836 εἷχεΓέ-
1449 763 1453 771 “

229 869 298 929 λων
320 858 404 945 πρὸς
425 856 604 944 Θήρωνος,
628 860 731 921 ταῦτα
754 851 841 938 εἶχεν
864 849 882 921 ὁ
905 850 1098 938 Πολύζηλος
1120 851 1204 937 πρὸς
1225 854 1338 918 Γέλω-

229 986 305 1048 νος,
325 965 487 1048 γαμβρῶν
508 950 573 1057 οὖν
592 957 657 1023 κτὲ.

314 1161 420 1231 ὅθεν
439 1164 678 1247 σπέρματος
700 1164 851 1244 ἔχοντα
871 1160 988 1244 ῥίζαν
1007 1158 1157 1242 πρέπει
1179 1153 1341 1222 τόνΑί-

889 1256 1129 1345 υησιδάμον

317 1369 529 1450 ἐγκωμίων
550 1389 590 1431 τε
612 1365 771 1451 μελέων
794 1367 926 1447 λυρᾶν
948 1385 992 1428 τε
1013 1360 1289 1445 τυγχανέμεν.

237 1456 241 1463 ’
316 1470 423 1534 Schol.
447 1468 499 1532 Ol.
521 1473 550 1532 Β
573 1469 613 1530 82
634 1492 666 1555 p.
691 1470 731 1530 72
755 1465 860 1530 Bckh.
888 1467 957 1530 ἔστι
986 1459 1048 1549 μέν
1071 1464 1127 1529 καὶ
1150 1459 1239 1529 οὕτω
1264 1467 1341 1529 δια-

230 1577 370 1636 στείλαι·
394 1565 479 1635 ὅθεν
503 1572 690 1654 σπέρματος
712 1569 820 1651 ἔχοντι
842 1566 951 1650 ῥίζαν,
979 1560 1048 1630 εἶτα
1070 1558 1129 1630 άπ’
1155 1561 1258 1650 ἄλλης
1277 1561 1341 1651 άρ-

229 1677 304 1758 χης·
326 1670 444 1755 πρέπει
466 1664 526 1735 τόν
547 1670 793 1755 Αίνησιδημοο.
838 1662 858 1734 ὃ
880 1667 965 1754 (cod.
991 1663 1053 1751 ἥν,
1077 1688 1122 1732 ευ.
1147 1665 1341 1752 διαστολην,

229 1785 266 1839 ut
288 1773 509 1839 Schneiderus
532 1774 681 1856 adnotat3
705 1775 811 1860 possis
833 1760 869 1857 ᾗ)
889 1770 944 1835 καὶ
966 1771 1157 1851 Δίδυμος
1179 1763 1341 1852 άποδέχε-

231 1899 293 1940 ται.
324 1868 588 1957 Ἀρίσταρχος
608 1870 645 1939 δὲ
667 1869 792 1951 οὕτως·
819 1867 904 1937 ὅθεν
927 1869 1114 1955 σπέρματος
1136 1872 1253 1953 ἔχοντα
1276 1861 1341 1958 (εἷο

231 1976 291 2040 Th.
313 1974 479 2058 Bergkius
499 1973 590 2038 PLG
610 1997 642 2058 p.
660 1978 699 2038 23
722 1975 774 2038 ed.
797 1974 842 2058 ΙΙ,
865 1972 1010 2048 Boeckh.
1033 1967 1153 2057 ἔχοντι,
1177 1973 1260 2056 οοδ,
1283 1976 1341 2060 qui

230 2104 536 2193 voluissevvidetur
565 2085 657 2188 ἕχοά,
686 2108 819 2172 exhibet
846 2109 936 2193 ἔχον)
963 2108 1056 2191 ῥίζαν
1076 2101 1137 2172 τὸν
1154 2104 1341 2189 Αἰνησιδά-

230 2233 307 2294 μου.
353 2202 398 2283 ὠς
422 2207 491 2270 τῶν
516 2209 600 2268 ίσων
630 2200 714 2271 εἶναι
743 2205 780 2271 τὸ
807 2209 892 2294 (cod.
911 2209 971 2294 τῷ)
1000 2202 1081 2290 *ἀφ’
1104 2197 1153 2272 οἷν
1174 2211 1283 2292 ἔχοντι
1302 2207 1340 2274 τό

232 2310 380 2391 σπέρμα’
401 2310 447 2392 τῷ
470 2302 716 2389 Ἀἰνησιδάμου
740 2309 803 2396 υἱῷ
823 2310 942 2390 πρέπει
963 2312 1080 2389 λυροΞν
1095 2310 1151 2374 καὶ
1166 2310 1341 2394 ἐγκωμίων

231 2405 436 2492 τνγχάνειν.’
481 2411 608 2489 γίνεται
630 2407 676 2490 δέ,
700 2410 802 2490 φησὶν
825 2406 843 2474 ὁ
868 2413 1073 2502 Δίδυμος,
1095 2406 1178 2475 κατά
1200 2407 1262 2494 τὴν
1283 2411 1341 2475 έκ-

231 2508 344 2595 φοράν
366 2505 492 2591 ταύτην
513 2506 682 2591 παρέλυον
702 2504 738 2573 τὸ
766 2517 1006 2597 (τυγχανέμεν)

316 2614 432 2698 Itaque
447 2610 612 2697 Didymus
634 2610 802 2696 vulgatam
824 2611 995 2680 lectionem
1018 2616 1166 2679 codicum
1188 2612 1341 2677 tuebatur

231 2725 344 2781 contra
374 2711 556 2777 Aristarchi
584 2712 757 2776 lectionem
787 2714 904 2796 έχοντα
940 2738 960 2776 ο
990 2715 1136 2799 Bergkio
1165 2723 1339 2801 receptam.

230 2854 272 2865 -
293 2815 379 2879 Vi'de
400 2816 497 2878 etiam
520 2812 624 2898 Tych.
647 2813 838 2877 Mommsen.
861 2815 896 2875 in
918 2814 1002 2878 Mus.
1025 2816 1087 2880 Rh.
1111 2815 1152 2879 N.
1176 2816 1213 2878 F.
1237 2816 1286 2878 IV
1307 2839 1338 2901 p.

231 2920 292 2979 549
317 2923 349 2978 et
372 2913 606 2977 Schneiderum
628 2913 649 2977 l.
673 2937 701 2977 ο.
724 2939 755 3000 p.
779 2916 875 2977 2211.
901 2916 930 2977 3.

771 3071 800 3130 5.
888 3120 891 3125 ,

399 3176 519 3260 τάσις
552 3177 749 3248 ἁπάντων
772 3178 895 3261 Ῥέας
914 3177 1144 3269 ὑπέρτατος
1175 3186 1341 3268 ἐχοίσας

827 3330 831 3339 ·
971 3282 1131 3369 θρόνου

317 3382 426 3449 Schol.
451 3383 502 3448 01.
522 3389 551 3448 Β
572 3389 631 3450 140
650 3412 682 3473 p.
696 3391 732 3452 81
759 3381 851 3470 ὁμὲν
866 3381 1077 3472 Ἀρίσταρχος
1095 3385 1242 3464 πόσιος
1263 3386 1340 3471 γρά·

231 3509 288 3570 φει
317 3479 334 3550 ὁ
366 3479 548 3570 πάντων,
575 3487 630 3551 καὶ
658 3483 719 3554 τὸν
742 3491 808 3553 Δία
836 3483 954 3554 άκοάει
974 3484 1149 3572 συμπότην
1172 3483 1256 3553 εἶναι
1277 3493 1342 3555 τοῦ

225 3582 486 3672 Ῥαδαμάνθυος.
510 3581 583 3653 ὅδὲ
600 3593 788 3674 Δίδυμος
809 3589 863 3655 έπλ
884 3595 945 3655 τοῦ
962 3587 1099 3674 Κρόνου
1115 3592 1260 3675 καθιστᾷ
1281 3588 1342 3655 τὸν

231 3685 335 3771 λόγον
359 3689 421 3774 (εἰσ
445 3689 623 3773 (δισκοειδ,
646 3690 717 3755 cod.
740 3685 895 3777 κρόνον)·
929 3687 1048 3757 ὅντινα
1065 3685 1300 3774 Ῥαδάμανθυν
1322 3685 1340 3756 ὁ

231 3784 345 3873 πατὴρ,
374 3785 512 3855 πάντων
551 3786 573 3857 ὅ
593 3786 742 3876 Κρόνος,
784 3784 883 3874 ὁτῆς
902 3795 970 3875 Γῆς
999 3801 1091 3874 παῖς,
1124 3785 1142 3855 ὁ
1175 3785 1261 3874 άνηρ
1284 3796 1342 3874 τῆς

231 3884 292 3954 τὸν
319 3883 451 3957 ὕπατον
481 3888 621 3973 ἐχούσης
647 3887 778 3971 θρόνον
798 3885 885 3969 Ῥέας
914 3891 1048 3975 ἕτοιμον
1073 3892 1128 3955 καὶ
1156 3885 1341 3976 άχοίριστον

231 3991 297 4072 ἔχει
325 3989 507 4075 πάρεδρον.
553 3991 772 4057 Schneiderus
802 3992 824 4056 l.
847 4015 875 4056 c.
899 4017 930 4079 p.
960 3995 1000 4058 26
1028 3991 1075 4056 nil
1097 3994 1162 4056 nisi
1183 3993 1245 4056 hoe
1269 4015 1339 4078 pro·

229 4093 331 4158 traxit
365 4095 511 4178 καθιστᾷ
546 4086 606 4155 τόν
641 4091 769 4174 κρόνου
797 4086 965 4176 ὀνομάσας
994 4093 1084 4178 (fort.
1115 4086 1156 4156 δν
1181 4087 1199 4158 ὁ
1222 4091 1337 4176 μέγας)

231 4189 339 4276 πατὴρ
362 4189 499 4258 πάντων
520 4187 538 4255 ὁ
562 4190 693 4276 κράνος.
725 4192 860 4278 ἕτοιμον
879 4191 933 4260 καὶ
954 4187 1141 4276 ἀχάριστον
1156 4195 1223 4275 ἔχει
1248 4189 1336 4275 πάρ-

231 4295 341 4375 εδρον.
