2932 5002
1177 387 1238 450 377

132 554 312 642 quisitioris
335 552 512 618 luminibus
535 553 759 640 splendentem
788 552 829 616 de
850 551 1058 636 mulieribus,
1089 577 1172 640 quae
1193 557 1241 620 in·

133 656 218 741 signi
248 656 387 742 quadarn
415 664 447 720 et
477 655 601 741 ingenii
629 664 662 719 et
682 678 807 720 morum
829 654 965 735 virtute,
991 655 1164 741 pudicitia,
1193 657 1240 719 in-

132 779 245 845 quam,
296 757 489 822 fortitudine
538 758 722 823 constantia
772 757 948 821 liberorum
1002 758 1241 844 coniugumque

131 882 240 925 amore
274 868 399 923 ceteras
433 862 684 946 praestitissent.
744 857 938 923 Huiusmodi
966 858 1159 923 selectorum
1187 882 1242 924 ex·

133 962 312 1048 emplorum
334 960 548 1044 collectanea,
574 960 692 1048 quibus
714 984 742 1025 e.
766 984 798 1046 g.
822 960 976 1047 Hyginus
1004 959 1070 1024 fab.
1095 959 1241 1034 CCXXI

131 1061 334 1128 -OOLVII
362 1085 433 1151 sqq.
468 1062 608 1127 refertus
637 1071 703 1145 est,
733 1063 892 1150 imprimis
922 1062 996 1125 aevi
1023 1060 1242 1126 Alexandrini

134 1173 167 1229 et
180 1165 342 1250 Augustei
365 1164 583 1252 polyhistores
603 1165 638 1228 in
658 1164 785 1229 deliciis
806 1162 999 1245 habuerunt,
1023 1185 1061 1227 ac
1083 1185 1141 1250 pro
1164 1173 1243 1227 tem·

131 1290 246 1355 porum
271 1268 407 1332 istorum
435 1267 537 1332 libros
562 1267 779 1355 componendi
805 1266 973 1331 fertilitate
994 1276 1044 1331 sat
1066 1264 1168 1330 multa
1188 1287 1244 1351 pe·

129 1379 294 1457 pererunt.

219 1477 460 1537 Commentarius.
507 1474 538 1557 1)
568 1472 608 1536 de
635 1472 744 1536 Dione
771 1469 966 1557 philosopho
996 1480 1029 1536 et
1055 1471 1127 1557 ipso
1153 1485 1243 1552 συμ-

133 1577 306 1640 ποσιακῶν
324 1584 456 1639 auctore
478 1574 548 1638 dixi
570 1599 601 1662 p.
617 1576 689 1638 368.
720 1575 754 1660 2)
777 1571 976 1638 Philoteram
998 1571 1154 1657 intellego
1168 1571 1244 1635 Pto-

134 1676 250 1741 lemaei
286 1676 320 1739 II
352 1673 560 1761 Philadelphi
590 1696 748 1757 sororem,
794 1675 900 1762 quade
943 1674 986 1738 cf.
1022 1674 1149 1761 Lycum
1191 1695 1243 1760 ap.

133 1777 282 1843 Mueller.
316 1777 356 1842 fr.
390 1778 466 1842 hist.
497 1776 555 1842 Gr.
584 1776 619 1839 ΙΙ
648 1799 680 1864 p.
705 1780 778 1841 374.
829 1777 863 1861 3)
886 1777 928 1841 de
966 1776 1100 1840 Leaena
1128 1772 1244 1840 scribit

132 1881 218 1945 Plin.
241 1880 273 1945 h.
295 1904 327 1944 n.
351 1879 417 1942 VII
433 1881 472 1942 23
493 1877 613 1943 Athen.
635 1878 723 1942 XIII
735 1903 767 1966 p.
779 1880 842 1942 596
853 1877 893 1942 F.
917 1878 951 1963 4)
978 1875 1153 1943 Telesillae
1175 1897 1240 1940 me

133 1982 298 2047 minerunt
320 1982 460 2046 Pausan.
482 1980 589 2063 1120,
613 1985 643 2045 7.
667 1982 685 2043 8
707 1979 864 2066 Polyaen.
885 1979 967 2043 VIII
994 1982 1033 2044 33
1058 1979 1150 2043 Suid.
1171 2002 1197 2042 s.
1209 2000 1243 2041 v.

133 2083 285 2148 Socrates
302 2084 449 2169 Argivus
472 2105 524 2171 ap.
548 2081 634 2146 Plut.
659 2083 699 2147 de
720 2082 795 2146 mul.
819 2082 895 2146 virt.
915 2104 943 2147 c.
959 2080 1140 2145 4Mueller.
1160 2079 1243 2143 Dor.

133 2185 150 2248 I
173 2208 204 2273 p.
232 2188 290 2249 173
315 2185 441 2250 Neuius
464 2185 504 2249 de
526 2184 702 2249 Telesillae
724 2195 756 2249 et
777 2183 943 2248 Praxillae
967 2183 1083 2270 reliqq.
1110 2181 1189 2244 1843
1213 2183 1243 2243 4.

135 2287 369 2374 Bernhardyus
385 2287 530 2352 Grundr.
543 2286 574 2351 d.
591 2309 640 2371 gr.
654 2285 692 2350 L.
706 2287 747 2351 G.
761 2284 796 2349 II
813 2289 884 2350 541.
908 2286 942 2372 5)
956 2284 1152 2365 Anticliam,
1168 2304 1246 2369 qua·
1381 2360 1383 2365 Ι

135 2386 176 2451 de
197 2387 349 2453 Eustath.
376 2389 419 2452 ad
442 2389 539 2453 Hom.
569 2387 731 2473 Odyssll
763 2389 822 2450 196
843 2388 925 2472 agit,
957 2408 1022 2449 non
1045 2385 1154 2451 omisit
1177 2384 1247 2470 Hy·

134 2489 202 2572 gin.
230 2486 254 2550 1.
284 2487 474 2570 CCXLIII,
499 2510 604 2576 neque
627 2487 715 2551 idem
736 2486 915 2552 Alcestidis
938 2484 1059 2551 oblitus
1079 2485 1159 2549 ibid.
1210 2486 1244 2571 6)

115 2591 313 2693 ⁸Macariam
340 2589 493 2654 laudibus
521 2591 659 2654 efferunt
687 2588 768 2651 Eur.
795 2588 928 2652 Heracl.
951 2591 1012 2650 560
1044 2586 1143 2649 Paus.
1166 2585 1183 2648 I
1207 2588 1247 2648 32

135 2691 236 2757 schol.
260 2692 319 2756 Ar.
344 2691 429 2778 qu.
457 2695 532 2754 1141
559 2691 684 2755 Eudoc.
706 2712 739 2777 p.
763 2690 836 2753 284.
857 2688 949 2753 Inter
967 2685 1194 2774 philadelphos
1215 2696 1248 2751 et

134 2792 219 2857 hanc
241 2802 274 2857 et
298 2791 538 2878 Hyacinthides
561 2793 716 2879 deinceps
746 2799 895 2855 recenset
914 2811 1066 2877 anonym.
1089 2797 1184 2852 tract.
1206 2789 1246 2853 de
1383 2842 1384 2845 ,

135 2894 262 2959 mulier.
285 2895 394 2960 ecod.
420 2895 534 2960 Escor.
562 2917 613 2982 ap.
644 2893 818 2959 Westerm.
841 2890 1004 2955 Paradox.
1038 2915 1070 2979 p.
1093 2894 1166 2954 219.
1212 2895 1245 2976 7)

8 3019 12 3026 ·
136 2994 177 3059 de
200 2994 374 3060 Erechthei
396 2995 536 3078 filiabus,
555 3017 638 3082 quae
657 2995 789 3083 proprio
804 2995 934 3059 nomine
954 2993 1111 3079 Virgines
1135 2993 1246 3079 (Hap-

134 3097 247 3182 θένοι)
267 3095 450 3184 appellatae
472 3119 493 3159 a
513 3096 678 3162 nonnullis
702 3120 775 3161 cum
790 3094 970 3183 Hyacinthi
986 3094 1139 3182 Spartani
1154 3095 1245 3182 prole

136 3200 292 3263 confusae
302 3197 542 3284 Hyacinthides
565 3199 775 3280 vocabantur,
798 3197 841 3261 cf.
860 3197 1059 3261 Phanodem.
1086 3195 1126 3260 fr.
1151 3199 1170 3260 3
1191 3219 1244 3284 ap.
1361 3210 1364 3213 ’

135 3300 284 3366 Mueller.
301 3300 362 3387 Ip.
375 3303 436 3365 366
450 3299 637 3365 Philochor.
652 3322 704 3387 ap.
720 3297 820 3364 schol.
839 3299 938 3388 Soph.
951 3298 991 3363 Ο.
1009 3297 1047 3363 0.
1066 3301 1126 3362 166
1141 3297 1183 3362 fr.
1207 3302 1241 3361 31

135 3425 166 3488 p.
190 3405 252 3467 389
274 3400 444 3466 Demosth.
463 3401 605 3490 epitaph.
632 3404 723 3484 1397,
746 3404 783 3464 19
805 3402 887 3466 Rslr.
911 3401 1018 3465 Blum.
1043 3400 1085 3464 ad
1101 3399 1246 3484 Lyeurg.

135 3505 250 3570 Leocr.
273 3527 304 3591 p.
330 3505 389 3566 122
410 3502 564 3589 Apollod.
587 3503 641 3566 III
662 3503 924 3585 15‚4Demarat.
944 3525 996 3588 ap.
1022 3500 1124 3566 Clem.
1148 3499 1247 3563 Alex.

136 3607 242 3669 Protr.
264 3626 292 3667 c.
317 3607 336 3667 3
355 3626 387 3690 p.
415 3606 452 3665 12
475 3603 567 3690 Sylb.
590 3603 713 3667 Euseb.
736 3603 794 3667 PE
814 3604 863 3667 IV
881 3607 918 3667 16
938 3626 971 3689 p.
993 3601 1159 3666 1578101).
1176 3601 1246 3665 flor.

136 3707 175 3770 T.
196 3704 355 3769 XXXIX
378 3707 418 3767 33
447 3703 521 3767 coll.
545 3702 654 3768 Vales.
681 3705 724 3769 ad
744 3705 905 3790 Harpocr.
924 3726 956 3789 p.
982 3704 1044 3771 262
1072 3702 1198 3790 Hygin.
1222 3703 1247 3769 1.

137 3807 261 3871 XLVI.
286 3804 533 3871 CCXXXVIII
556 3804 647 3868 Suid.
669 3805 854 3888 Παρθένοι.
886 3804 1031 3891 Hesych.
1056 3826 1082 3869 s.
1104 3827 1138 3869 v.
1161 3806 1249 3892 Apo·

138 3909 211 3974 stol.
233 3908 299 3973 XV
313 3911 352 3972 84
376 3907 484 3994 Heyn.
506 3904 615 3993 Apoll.
637 3905 690 3968 III
711 3930 743 3993 p.
767 3908 827 3970 865
856 3907 957 3995 antiq.
980 3905 1150 3971 Aufsaetz.
1174 3907 1191 3970 I
1212 3930 1245 3994 p.

137 4015 188 4076 96.
249 4012 282 4090 8)
315 4008 468 4072 Theanus
495 4029 688 4093 responsum
715 4007 869 4095 pudicum
901 4017 1132 4072 commemorat
1156 4007 1247 4073 Stob.

138 4112 227 4177 Flor.
250 4111 290 4175 T.
308 4109 458 4174 LXXIV
476 4113 516 4173 53
538 4109 669 4193 Menag.
693 4108 735 4173 ad
755 4110 898 4196 Diogen.
919 4111 980 4176 La.
1002 4110 1088 4175 VIII
1111 4115 1162 4174 43.
1213 4113 1247 4192 9)

137 4236 169 4276 v.
201 4213 301 4297 Diog.
327 4211 366 4277 L.
396 4210 481 4274 VIII
508 4213 521 4272 1
552 4232 583 4272 n.
607 4212 658 4274 22.
718 4213 770 4294 10)
795 4211 838 4275 cl.
859 4213 958 4296 Diog.
982 4211 1020 4275 L.
1045 4214 1077 4276 X
1099 4235 1132 4278 n.
1156 4216 1186 4277 3.
1210 4219 1246 4277 14

138 4314 268 4399 Menag.
299 4313 364 4379 vol.
393 4313 441 4377 IV
467 4338 500 4403 p.
529 4315 590 4377 617
617 4312 696 4403 Lps.
765 4315 817 4401 11)
847 4312 890 4377 cf.
914 4312 1045 4409 Menag.
1068 4313 1145 4380 hist.
1168 4313 1246 4380 mul.
