2962 5018
235 413 297 476 326

233 580 377 644 rationes
405 575 581 643 nonnullae
611 582 700 656 sunt,
735 595 819 660 quae
840 582 976 658 cogant,
1009 582 1046 638 ut
1070 573 1127 636 has
1151 573 1265 639 turbas
1288 598 1359 641 non

234 680 374 766 abipso
401 667 625 758 Marcellino,
643 676 702 740 sed
731 696 751 739 a
779 674 896 739 scribis
920 673 1126 762 librariisque
1156 685 1260 742 motas
1282 700 1358 742 esse

235 781 418 846 credamus.
461 778 512 843 Ac
538 778 677 864 primum
699 779 832 865 quidem
855 782 885 859 ᾗ.
909 778 928 839 3
959 775 1105 864 Didymo
1129 779 1356 843 testimonium

236 882 468 963 denunciatur,
511 887 547 942 ut
583 878 646 942 hoc
676 878 779 943 solum
807 877 949 941 affirmet
976 877 1158 943 Miltiadem
1187 880 1357 946 Maratho-

235 985 325 1048 nium
353 1004 396 1047 ex
424 980 537 1044 Aiacis
564 978 764 1043 descendere
791 979 960 1065 prosapia,
1000 1001 1065 1044 non
1097 989 1134 1044 ut
1167 1002 1233 1045 una
1265 1004 1356 1047 com-

235 1084 351 1172 probet
372 1080 599 1168 Thucydidem
618 1078 660 1143 ab
682 1081 810 1165 origine
826 1079 985 1145 Miltiadis
1001 1091 1208 1167 generatum:
1232 1083 1356 1148 deinde

236 1184 309 1270 quis
331 1184 455 1270 estqui
478 1183 512 1244 in
534 1182 678 1245 animum
701 1181 835 1246 inducat
856 1182 944 1245 vitae
964 1192 1139 1266 auctorem,
1162 1185 1254 1248 cuius
1270 1183 1356 1249 haec

236 1284 301 1346 sint
334 1286 365 1363 ξ.
393 1288 412 1345 4
449 1281 552 1346 verba
583 1274 658 1345 ἀλλ’
688 1275 751 1344 οὐκ
785 1273 828 1344 clv
855 1287 943 1347 εἴποι
977 1307 1045 1364 τις,
1078 1287 1112 1348 τί
1141 1279 1232 1372 αὐτῷ
1266 1281 1355 1366 πρὸς

152 1430 155 1435 1
236 1384 470 1466 Oovnvdidnv3
503 1385 623 1471 quique
652 1393 736 1448 teste
765 1383 958 1470 Doxopatro
988 1407 1005 1450 e
1033 1386 1172 1451 testibus
1200 1386 1354 1452 omnibus

237 1487 325 1553 solus
345 1485 517 1551 verissime
539 1479 730 1566 ἆπέγγονον
745 1485 904 1550 Miltiadis
926 1488 1095 1551 vocaverit
1112 1487 1353 1574 Thucydidem,

236 1588 375 1655 eundem
397 1586 485 1674 quod
508 1584 648 1650 debebat
669 1586 783 1651 lectori
804 1594 941 1650 stemma
966 1589 1035 1651 eius
1052 1590 1241 1654 continuum
1263 1590 1354 1656 haud

236 1690 398 1757 solvisse?
441 1688 534 1769 Quae
558 1709 631 1751 curn
654 1690 700 1752 ita
720 1689 799 1763 sint,
822 1686 894 1752 luce
916 1688 1036 1753 clarius
1058 1698 1107 1753 est
1130 1695 1161 1772 §-
1189 1695 1226 1754 14
1248 1691 1355 1756 verba

237 1786 303 1857 ἀπὸ
333 1786 458 1856 τούτου
485 1777 550 1852 οὖν
574 1827 611 1836 -
635 1788 732 1871 γένος
759 1789 930 1874 excepisse
956 1790 1086 1856 demum
1107 1790 1309 1877 gentiliciam
1332 1814 1353 1857 a

236 1891 384 1958 Miltiade
411 1889 454 1954 ad
477 1888 704 1975 Thucydidem
731 1911 835 1975 usque
857 1892 1078 1955 continuatam
1101 1884 1353 1978 successionem,

237 1994 329 2056 cuius
358 1993 545 2056 etiamnunc
576 1999 751 2076 supersunt
784 1989 909 2056 leviora
939 1991 1100 2079 quaedam
1130 1996 1272 2079 vestigia
1299 1995 1353 2061 his

236 2091 347 2157 verbis
370 2092 528 2177 impressa
550 2091 645 2153 doust
662 2079 737 2154 cdv
758 2109 846 2155 τισιν
870 2141 877 2154 .
900 2142 907 2155 .
935 2142 942 2155 .
966 2087 1133 2158 alacriori
1156 2091 1353 2162 Μιλτιάδου

237 2187 257 2278 ἢ
283 2192 523 2275 θυγατριδοῦς.
568 2191 678 2278 Atque
705 2191 836 2276 horum,
864 2217 945 2281 quos
969 2191 1062 2272 τινάς
1083 2205 1196 2278 vocat,
1217 2201 1353 2264 testium

130 2327 132 2332 ·
237 2294 383 2384 opinioni
399 2314 471 2357 curn
492 2294 580 2358 vitae
600 2302 714 2358 auctor
728 2295 802 2359 ideo
820 2303 857 2360 ut
871 2297 1048 2363 accesserit
1066 2297 1138 2362 fieri
1154 2319 1220 2362 non
1236 2302 1353 2386 possit,

237 2395 324 2484 quod
345 2393 574 2479 Thucydidem
595 2393 753 2459 Miltiadis
776 2390 966 2479 ἀπέγγονον
988 2408 1076 2463 recte
1098 2398 1227 2483 habuit,
1249 2424 1351 2488 appa-

235 2508 286 2563 ret
307 2498 368 2562 hoc
387 2497 460 2583 ipso
483 2495 554 2561 loco
569 2496 685 2561 deesse
700 2496 834 2584 aliquid,
857 2500 1040 2564 accuratius
1056 2508 1136 2588 puta
1150 2501 1352 2590 descriptum

236 2608 382 2681 stemma,
403 2619 467 2685 quo
493 2597 581 2674 τινές
602 2597 651 2661 illi
672 2596 903 2663 refutarentur.
924 2599 970 2662 At
991 2622 1186 2688 quamquam
1207 2607 1353 2671 certissi-

234 2723 323 2765 mum
345 2709 395 2764 est
416 2721 496 2782 rern,
517 2719 600 2785 quae
622 2698 791 2784 agebatur,
812 2698 903 2763 nullo
924 2711 1116 2785 argumento
1140 2704 1255 2771 melius
1275 2729 1352 2772 con-

235 2801 289 2865 fici
308 2801 469 2887 potuisse,
503 2821 600 2887 quam
621 2800 750 2865 adiecta
771 2801 975 2888 Thucydidis
996 2803 1206 2891 genealogia,
1237 2816 1352 2875 tamen

235 2904 323 2967 vitae
345 2911 458 2966 auctor
478 2902 539 2966 hae
559 2902 699 2967 fortasse
721 2905 847 2967 ratione
870 2904 1003 2986 ductus,
1032 2907 1120 2991 quod
1136 2909 1243 2994 ipsum
1266 2910 1352 2978 illud

235 3010 372 3066 stemma
394 3024 459 3066 non
482 3002 523 3066 ab
546 3004 633 3067 omni
649 3005 834 3091 suspicione
849 3004 988 3068 liberum
1003 3008 1181 3092 videretur,
1202 3011 1351 3078 tabulam

235 3100 402 3164 addidisse
428 3102 639 3186 gentiliciam,
663 3103 789 3190 siquid
811 3104 923 3187 video,
946 3108 1026 3172 satis
1051 3131 1116 3174 non
1137 3110 1266 3196 habuit,
1290 3116 1351 3180 sed

234 3200 300 3265 alia
319 3211 512 3286 argumenta
533 3202 652 3268 idonea
672 3211 708 3267 ut
729 3204 862 3270 afferret
885 3208 1050 3273 studuisse
1073 3221 1277 3300 summopere
1300 3217 1350 3280 vi-

235 3303 340 3367 detur.
384 3303 494 3389 Atque
520 3312 783 3387 argumentorum
813 3307 881 3369 vim
905 3317 937 3372 et
960 3314 1185 3378 auctoritatem
1207 3317 1350 3402 primurn

234 3403 269 3467 id
291 3402 414 3485 hahuit,
438 3404 526 3490 quod
547 3402 750 3490 Thucydidis
772 3404 857 3491 patri
877 3417 909 3472 et
927 3409 1086 3477 Miltiadis
1110 3437 1222 3481 socero
1245 3418 1349 3483 Thra-

234 3504 284 3568 cio
306 3504 392 3569 idem
421 3514 507 3569 esset
529 3526 648 3569 nomen
669 3504 777 3588 Olori,
807 3506 941 3593 deinde,
972 3513 1060 3598 quod
1081 3515 1291 3603 Thucydides
1314 3520 1349 3584 in

234 3605 374 3670 Thracia
395 3604 620 3692 Scaptesulam
641 3627 743 3692 prope
764 3606 893 3673 fodinas
913 3609 1057 3696 haberet,
1079 3626 1243 3701 postremo
1259 3622 1349 3706 quod

233 3706 437 3794 Thucydidis
461 3727 580 3792 corpus
610 3716 759 3772 enectum
801 3711 835 3772 in
864 3710 1023 3776 Cimoniis
1052 3716 1210 3803 sepulcris
1236 3718 1350 3783 huma-

232 3816 301 3871 tum
337 3816 433 3873 esset.
483 3806 538 3871 Ex
572 3806 623 3871 his
657 3811 858 3893 argumentis
892 3811 937 3894 ei,
972 3815 1060 3900 quod
1096 3819 1239 3883 secundo
1276 3819 1349 3887 loeo

231 3909 335 3993 posui,
364 3912 435 3994 ipse
456 3929 522 3973 non
538 3907 678 3973 multum
700 3909 887 3994 tribuerim,
909 3914 996 3999 quod
1016 3915 1196 4004 Hermippo
1220 3920 1265 4003 (ξ.
1292 3922 1347 4001 19)

230 4016 315 4071 teste
336 4008 471 4072 divitias
493 4008 567 4072 illas
582 4009 791 4074 historiarum
811 4015 962 4101 scriptori
976 4038 1080 4082 uxore
1092 4016 1233 4084 Thracia
1249 4021 1349 4086 ducta

231 4120 454 4190 accesserunt,
495 4109 663 4197 quodque,
698 4113 727 4175 si
760 4112 953 4200 Dexapatro
989 4116 1072 4182 fides
1105 4118 1257 4184 habenda
1284 4134 1346 4205 est,

231 4208 262 4283 ᾖ.
282 4209 329 4286 14,
350 4208 397 4271 uti
416 4207 570 4290 diximus,
592 4210 633 4274 de
648 4210 748 4276 Oloro
770 4236 877 4301 neque
892 4215 934 4280 de
949 4216 1144 4303 Thucydide
1160 4241 1267 4286 sermo
1282 4234 1344 4289 est.

231 4301 296 4369 Sed
326 4307 430 4395 primo
463 4330 502 4376 ac
533 4310 629 4376 tertio
662 4323 853 4400 argumento
883 4319 1079 4403 gravissimo
1112 4341 1225 4388 carere
1252 4324 1346 4392 nullo
