2962 5018
246 200 307 261 270

246 368 297 431 ed.
311 364 503 431 Witzschel.
517 364 637 449 legitur
651 367 804 448 Δίδυμος
827 361 869 429 οὐ
886 386 946 451 pro
958 357 1074 440 οὕτως.
1098 361 1359 464 Rescrihendum

247 469 348 551 igitur
370 467 500 531 videtur
517 466 615 527 etiam
637 465 672 528 in
698 466 767 531 00.
793 470 871 530 1661
895 461 984 530 οὕτω
1006 467 1174 546 Δίδυμος,
1204 466 1260 550 qui
1282 485 1359 527 can-

246 568 320 632 dem
354 567 617 632 observationem
651 590 742 632 suam
770 568 894 654 recepit
915 568 950 630 in
968 566 1096 631 lexicon
1126 566 1304 649 tragicum,
1338 589 1359 629 a

243 668 451 755 Diogeniano
464 667 624 753 Hesychii
640 670 860 755 compilatum.
881 667 994 733 Possis
1015 658 1160 754 quidem,¹
1177 689 1251 731 cum
1272 664 1359 748 πρός
1463 666 1466 671 ’

245 778 417 856 sequatur,
451 771 549 833 etiam
573 764 663 834 οὕτω
684 772 769 846 Πίος
791 770 955 855 conicere,
983 769 1041 834 sod
1069 767 1176 832 obstat
1195 767 1357 855 Hesychii

245 893 435 936 consensus.
480 871 592 935 Tertio
614 871 702 958 apud
724 869 825 935 schol.
846 870 899 935 El.
923 872 985 934 452
1007 869 1127 953 legitur
1149 870 1266 934 δίδωσι
1289 865 1355 952 γὰρ

244 968 282 1037 τὸ
305 975 395 1056 ζῶμα
411 967 485 1036 ἀντὶ
507 975 644 1056 ταινίας,
669 994 732 1060 quo
755 972 827 1037 loco
844 974 908 1037 nisi
931 970 1067 1037 eundem
1089 991 1183 1034 usum
1202 970 1357 1036 vocabuli

244 1074 363 1138 δίδωσι
383 1073 555 1138 admittere
577 1074 731 1156 volueris,
753 1096 816 1161 quo
839 1074 880 1137 de
903 1072 1018 1138 Lehrs.
1041 1072 1100 1135 Ar.
1125 1073 1160 1134 21
1186 1072 1287 1154 dixit,
1310 1073 1356 1136 lc-

244 1175 381 1237 nissima
409 1177 566 1240 correctio
597 1178 659 1240 erit
678 1177 830 1259 Δίδυμος
859 1174 932 1240 coll.
966 1173 1097 1237 δίδευσι
1123 1194 1175 1260 ap.
1199 1182 1241 1238 et.
1265 1175 1355 1239 Gud.

243 1274 382 1340 δάνειον
408 1297 468 1362 pro
494 1277 656 1359 Δίδυμος.
701 1277 840 1341 Accedit
864 1274 951 1361 quod
977 1283 1110 1362 propter
1134 1273 1220 1339 hunc
1246 1277 1355 1362 ipsum

243 1376 395 1442 vocabuli
417 1379 507 1461 ζῶμα
528 1401 623 1442 usum
644 1379 839 1444 Homericae
867 1377 1094 1442 consuetudini
1115 1386 1356 1462 repugnantem

243 1478 374 1565 (Lchrs.
394 1480 453 1544 Ar.
474 1503 506 1566 p.
523 1482 592 1545 125.
609 1482 682 1568 126)
704 1480 746 1545 ab
768 1479 1071 1566 hypomnematistis
1093 1478 1170 1542 huic
1181 1479 1293 1543 versui
1315 1472 1354 1542 τὸ

242 1589 278 1661 χῖ
303 1581 485 1665 appositum
511 1582 614 1647 fuisse
641 1583 786 1662 videtur,
818 1579 905 1667 quod
932 1579 1066 1666 quidem
1085 1589 1224 1662 appeloit
1245 1579 1356 1666 Didy-

242 1703 331 1744 mum
357 1683 556 1766 explicuisse
585 1684 734 1748 arbitror.
788 1681 900 1747 Possis
928 1690 1036 1745 tamen
1064 1681 1161 1745 etiam
1192 1681 1356 1767 suspicari

243 1776 445 1846 ἀποδιδόασι
488 1794 524 1848 ut
561 1785 629 1853 00.
671 1785 750 1847 1578
783 1783 837 1846 vel
869 1776 1057 1859 ἀποδώσεις
1094 1791 1130 1847 ut
1164 1781 1234 1848 00.
1271 1785 1353 1846 1464

243 1883 369 1968 (1526).
394 1883 545 1970 Denique
568 1884 797 1971 inquirendum
821 1895 885 1968 est,
908 1884 1012 1950 nostri
1032 1886 1188 1950 memoria
1210 1884 1355 1948 lateatne

241 1987 276 2049 in
310 1985 411 2049 schol.
436 1985 488 2048 El.
520 1986 575 2065 28,
605 1981 660 2047 ubi
692 1986 763 2050 cod.
785 1987 845 2050 La.
866 1985 966 2051 habet
982 1989 1031 2053 Δί
1051 2035 1058 2050 .
1082 2033 1090 2050 .
1113 2032 1121 2050 .
1145 1997 1177 2050 et
1196 1984 1268 2050 OT.
1290 1986 1354 2048 899

238 2082 332 2178 Ἀβοιί
346 2078 426 2168 -ἢ
448 2086 503 2150 Δί
524 2089 615 2168 σαμιῗ

325 2188 416 2253 Inter
432 2194 633 2272 argumenta,
658 2186 776 2274 quibus
789 2186 954 2273 Wolffius,
976 2198 1012 2254 ut
1023 2188 1238 2276 principalem
1261 2187 1354 2252 scho-

242 2289 356 2354 liorum
381 2289 504 2354 fontem
523 2310 595 2357 esse
617 2288 798 2376 Didymum
821 2291 1074 2374 demonstraret,
1094 2313 1172 2356 usus
1195 2300 1260 2372 est,
1284 2311 1355 2354 cer-

241 2394 370 2457 tissima
395 2391 687 2476 refero,'primum
713 2393 800 2480 quod
821 2392 937 2458 scholii
956 2393 1025 2457 00.
1050 2395 1130 2456 ‘1600
1151 2400 1265 2455 auctor
1287 2389 1353 2453 lec·

238 2504 326 2559 tores
349 2493 392 2558 ad
411 2515 504 2557 suum
527 2495 562 2556 in
584 2493 757 2580 Eupolidis
779 2494 992 2560 Maricantem
1014 2492 1283 2558 commentarium
1303 2513 1353 2556 re-

130 2646 132 2649 ,
239 2597 329 2682 legat
351 2597 599 2683 (commentatus
623 2597 709 2660 enim
731 2594 876 2681 Eupolin
899 2596 1063 2683 Didymus
1086 2603 1152 2678 cst,
1175 2602 1212 2657 ut
1233 2591 1352 2680 proba-

239 2696 305 2761 bilc
327 2697 405 2761 fecit
427 2697 467 2761 Ο.
484 2696 675 2762 Schneider.
700 2697 741 2760 de
764 2696 877 2761 scholl.
896 2697 1063 2783 Aristoph.
1086 2720 1118 2784 p.
1143 2695 1207 2780 16),
1231 2692 1353 2757 deinde

240 2798 328 2886 quod
350 2797 450 2863 schol.
470 2797 522 2861 El.
548 2800 607 2861 135
630 2798 671 2862 dc
693 2822 725 2863 v.
751 2793 869 2863 ἀλύειν
889 2798 1027 2884 Didymi
1045 2801 1176 2863 nomine
1197 2805 1351 2859 ornatum

241 2900 436 2962 invenerunt
458 2896 548 2962 Suid.
573 2893 743 2964 dicasset
764 2900 871 2963 Bekk.
894 2900 1031 2964 anecdd.
1057 2901 1074 2963 I
1101 2923 1134 2986 p.
1155 2900 1234 2980 380,
1257 2895 1351 2960 deni·

241 3020 303 3086 que
324 2998 411 3085 quod
433 3021 451 3063 e
474 2998 575 3064 schol.
596 3001 664 3067 00.
690 3004 770 3066 1210
791 3005 862 3067 σῶν
883 2996 957 3065 ἀντὶ
979 3003 1041 3065 τοῦ
1064 3004 1168 3066 σῶιου
1191 3022 1264 3065 cum
1286 2999 1351 3063 Zo-

237 3122 308 3164 nar.
336 3122 369 3165 v.
397 3103 501 3165 coirov
528 3104 769 3187 comparatione
797 3102 979 3187 colligitur,
1007 3102 1205 3190 Didymum,
1235 3102 1351 3190 quiin

238 3201 470 3288 orthographia
491 3223 551 3267 sua
572 3205 677 3267 σοῖιου
699 3199 755 3269 διὰ
774 3207 837 3268 τοῦ
858 3229 869 3267 ι
892 3202 1101 3270 scribendum
1123 3227 1195 3271 esse
1216 3225 1350 3292 praece-

235 3303 285 3389 pit
306 3302 363 3391 (cf.
387 3324 502 3369 comm.
523 3304 577 3368 III
599 3327 632 3392 p.
656 3310 674 3369 5
695 3305 789 3381 Olsn.
814 3307 927 3393 1853),
950 3305 1031 3371 haec
1052 3309 1152 3373 etiam
1170 3306 1274 3372 verba
1292 3329 1351 3393 po-

236 3405 340 3469 tuisse
362 3404 516 3472 scribere.
543 3406 651 3494 [Adde
662 3409 890 3475 Aristarchum
912 3408 955 3474 ad
977 3409 1098 3496 Odyss.
1122 3433 1142 3474 κ
1165 3412 1237 3491 268,
1259 3410 1350 3474 unde

236 3509 322 3593 sapit
351 3505 539 3600 Didymus]
585 3511 753 3576 Adderem
781 3511 833 3575 his
861 3511 942 3576 locis
970 3510 1071 3577 schol.
1097 3512 1156 3575 Ar.
1179 3509 1267 3576 Plut.
1285 3513 1350 3576 286

235 3608 280 3675 ἐν
303 3615 519 3693 Σοφοκλεῖ
549 3618 716 3698 εἴρηται
750 3613 826 3693 περὶ
856 3616 918 3677 τοῦ
937 3601 1053 3697 ἧμιν,
1084 3606 1139 3678 ὅτε
1161 3611 1216 3678 καὶ
1238 3613 1350 3698 βραχύ

235 3711 305 3776 ἐστι
335 3712 392 3798 (cf.
416 3712 532 3779 Elmsl.
555 3715 598 3779 ad
620 3714 719 3801 Soph.
749 3713 790 3778 O.
812 3713 851 3778 Τ.
874 3736 906 3800 p.
931 3711 1019 3776 XllI
1042 3711 1121 3778 Eur.
1149 3715 1210 3779 Ino
1239 3719 1281 3781 fr.
1309 3719 1345 3778 11

236 3812 295 3877 Ar.
319 3812 406 3878 Avv.
436 3818 498 3879 386
519 3814 598 3901 Lys.
625 3818 701 3880 1081
727 3814 861 3879 Bachm.
885 3815 961 3880 adn.
984 3814 1027 3879 ad
1048 3815 1183 3881 Maxim.
1206 3816 1348 3884 Planud.

234 3913 311 3978 dial.
334 3914 401 3979 vol.
422 3915 457 3978 II
485 3938 517 4002 p.
536 3916 633 4000 434),
662 3917 726 3981 nisi
746 3916 892 3982 scholion
915 3925 1001 3981 esset
1028 3940 1046 3982 e
1066 3917 1139 3982 cod.
1162 3918 1268 3983 Paris.
1291 3943 1349 3985 ex-

232 4026 390 4101 cerptum.
435 4017 488 4081 De
507 4017 677 4103 Sophoclis
697 4018 866 4082 codicibus
889 4017 931 4082 cf.
957 4019 1058 4083 schol.
1081 4019 1158 4086 Ald.
1181 4022 1241 4085 Ar.
1257 4021 1348 4088 Plut.

232 4118 305 4181 493.
357 4116 423 4181 Sed
451 4118 666 4203 praetermitti
696 4140 761 4182 non
792 4118 913 4183 debent
941 4120 1042 4186 schol.
1076 4122 1144 4187 00.
1177 4124 1239 4186 712
1269 4125 1348 4191 coll.
