2962 5018
1196 397 1258 459 279

150 557 237 619 Ante
257 576 287 617 a.
312 556 374 616 450
396 575 428 638 p.
446 551 482 616 O.
502 553 602 636 igitur
624 551 774 617 absoluta
796 555 859 618 fuit
879 556 1076 623 scholiorum
1096 560 1253 628 collectio.

151 657 196 721 Oi
215 656 370 739 ἐξηγηταί
393 653 533 717 sortasse
555 653 737 739 Dionysius
761 654 875 720 Crates
896 658 1051 722 Euclides
1074 660 1159 726 sunt.

234 756 348 842 Neque
377 756 511 819 minoris
534 758 688 820 momenti
717 755 913 823 scholiorum
942 768 974 822 et
994 760 1153 847 Hesychii
1181 786 1255 829 con·

149 881 264 924 sensus
287 857 524 922 existimandus
548 866 611 939 est,
633 880 769 945 quornm
788 864 1031 946 comparatione
1051 863 1137 927 idem
1158 866 1255 952 plane

149 960 299 1041 efficitur,
321 959 409 1046 quod
429 958 610 1023 rationibus
626 960 711 1023 inter
732 982 768 1024 se
790 962 884 1025 nexis
900 962 1127 1048 conclusisque
1147 988 1254 1052 supra,

148 1082 211 1148 quo
241 1061 313 1125 loco
337 1060 550 1124 Laurentium
578 1061 766 1146 interpretis
793 1063 1017 1149 Hesychiique
1045 1069 1255 1151 comparatio-

148 1185 221 1226 nem
244 1163 460 1244 instituimus,
486 1162 628 1225 assecuti
656 1184 729 1226 esse
751 1164 911 1236 videmur.
956 1163 1064 1244 Quam
1090 1187 1255 1252 compara·

145 1266 267 1329 tionem
291 1285 311 1326 a
336 1262 431 1327 nobis
460 1262 644 1328 inchoatam
670 1266 775 1349 magis
802 1287 899 1352 quam
928 1264 1111 1330 absolutam
1131 1269 1158 1331 si
1182 1274 1255 1355 quis

145 1367 330 1431 indefessus
353 1363 512 1430 adfinem
535 1362 743 1449 perduxerit,
766 1389 831 1431 non
853 1367 966 1431 dubito
989 1371 1069 1454 quin
1090 1372 1255 1435 sexcentis

146 1468 226 1531 locis
248 1467 444 1532 scholiorum
468 1472 501 1526 et
529 1464 752 1550 lexicographi
775 1475 966 1531 concentum
990 1468 1175 1535 detectnrus
1203 1473 1255 1553 sit,

146 1569 207 1633 hac
225 1578 295 1632 arte
309 1565 548 1654 explicandum,
571 1573 606 1628 ut
618 1565 664 1657 ab
679 1567 744 1630 illis
755 1567 893 1653 Didymi
914 1573 1191 1654 commentarium,
1212 1572 1254 1637 sb

146 1670 207 1745 hoe
229 1668 366 1754 Didymi
388 1667 518 1730 lexicon
540 1667 574 1729 in
596 1666 738 1750 tragicos
755 1667 899 1732 Graecos
919 1672 1130 1756 compositum
1151 1681 1254 1736 trans-

147 1773 270 1855 scripta
288 1790 360 1832 esse
383 1768 541 1832 dicamus.
586 1765 700 1852 Neque
719 1766 756 1832 C.
777 1768 818 1832 G.
836 1768 950 1834 Cobeti
974 1772 1078 1836 aciem
1098 1772 1161 1835 iste
1180 1794 1253 1836 con-

147 1893 261 1935 sensus
279 1869 379 1954 fugit,
402 1870 495 1932 cuius
518 1868 560 1932 cf.
583 1868 694 1931 adnot.
713 1868 755 1932 ad
773 1869 874 1933 schol.
898 1870 977 1934 Eur.
1002 1871 1074 1935 Ale.
1096 1875 1153 1954 08,
1176 1895 1253 1958 000-

147 1994 220 2036 cum
242 1970 384 2035 conferri
398 1968 489 2032 iubet
500 1969 580 2033 Hes.
595 1964 761 2052 ἀρδανίαι,
783 1971 826 2034 ad
840 1971 941 2036 schol.
954 1972 1058 2036 Andr.
1075 1977 1144 2056 166,
1165 1977 1252 2060 quod

146 2073 252 2154 Ionis,
274 2073 309 2134 in
331 2093 427 2157 quem
449 2071 614 2157 Didymus
637 2080 871 2136 commentatus
894 2083 943 2136 est
965 2072 1176 2156 vocabulum,
1199 2098 1251 2162 ap.

146 2173 292 2259 Hesych.
327 2170 432 2257 σάρον
460 2173 656 2236 illustrando
685 2180 717 2235 et
739 2172 942 2236 emendando
962 2173 1109 2237 inservit.
1154 2176 1251 2240 Adde

145 2275 218 2338 Alc.
248 2279 325 2338 1001
355 2273 461 2337 Andr.
492 2277 530 2336 17
559 2276 649 2359 (195)
679 2273 779 2338 Rhes.
809 2277 869 2336 416
900 2271 974 2335 coll.
1003 2273 1083 2337 Hes.
1114 2272 1251 2342 σκότιὸι.

146 2373 273 2457 χόρτος.
297 2368 450 2455 ὑπερθεῑ.
471 2368 610 2457 ἀμνστίς
630 2374 764 2459 (Athen.
788 2370 839 2432 XI
854 2395 885 2456 p.
910 2375 971 2435 783
998 2373 1103 2461 [1040]
1125 2375 1184 2462 D).

232 2473 472 2558 Subiungemus
493 2475 547 2537 hic
564 2474 646 2538 alios
657 2472 745 2536 locos
766 2471 949 2553 nonnullos,
973 2495 1054 2558 quos
1074 2496 1094 2536 a
1108 2476 1252 2561 Didymo

146 2576 311 2662 profectos
332 2597 404 2638 esse
429 2571 599 2660 probabile
621 2573 743 2634 faciunt
772 2568 939 2634 doctrinae
961 2573 1144 2658 Didymeae
1166 2578 1252 2641 colo-

145 2700 215 2759 res,
238 2676 357 2763 quibus
386 2674 453 2738 alia
479 2694 606 2760 qnoque
634 2668 772 2749 scholia,
802 2693 937 2754 quorum
964 2671 1176 2738 fundamenta
1196 2660 1252 2741 ille

145 2779 235 2859 iecit,
261 2777 408 2841 infucata
434 2783 520 2839 sunt.
571 2770 644 2833 Huc
671 2769 778 2833 refero
803 2770 904 2834 schol.
936 2771 976 2837 V.
1003 2773 1161 2837 Androm.
1193 2781 1251 2841 167

143 2872 306 2964 Ἀχελῷον
328 2880 397 2941 πάν
416 2870 509 2952 ὕδωρ
532 2866 697 2953 ποτάμιόν
711 2891 826 2954 φασιν,
848 2866 893 2948 τός
913 2874 1000 2954 δρῦν
1020 2877 1087 2936 πᾶν
1107 2874 1251 2958 δένδρον

146 2976 201 3043 καὶ
222 2973 394 3059 ἀκρόδρυα
415 2970 542 3048 πάντας
561 2966 639 3048 τοὺς
660 2970 819 3055 καρπούς.
860 2972 952 3038 Haec
975 2977 1061 3039 enim
1083 2977 1251 3045 Macrobio

145 3088 229 3143 teste
250 3085 360 3141 noster
386 3072 620 3137 observaverat
640 3074 675 3136 in
696 3073 801 3138 lexico
827 3077 970 3160 tragico:
992 3115 1035 3125 —-
1054 3078 1155 3143 schol.
1177 3080 1249 3144 VR.

145 3182 246 3267 Hipp.
274 3180 334 3241 263
361 3173 416 3238 καὶ
442 3171 609 3256 μάρτυρες
630 3176 763 3240 ἔσονται
783 3178 817 3240 oi
835 3171 947 3260 σοφοί,
971 3183 1064 3260 εἴπερ
1086 3174 1161 3256 ἑνός
1182 3184 1251 3245 τῶν

146 3282 299 3361 {copon
323 3277 414 3341 ἐστιν
436 3269 642 3360 ἀπόφθεγμα
664 3271 701 3341 τό
725 3274 857 3361 μηδὲν
880 3273 994 3362 ἀγαν,
1018 3274 1101 3361 ὅπερ
1123 3284 1250 3346 Χίλωνι

146 3377 380 3461 ἀνατιθέασιν,
409 3370 454 3453 άς
477 3381 629 3460 Κριτίας·
659 3377 714 3443 καὶ
741 3379 924 3460 Πίνδαρος·
954 3381 1054 3461 σοφοὶ
1078 3378 1250 3446 01καίτο

144 3480 249 3567 μηδὲν
272 3475 359 3562 άγαν
380 3480 487 3555 Ρὲτιος
509 3473 634 3564 ᾔνεσαν
662 3483 827 3560 περισσῶς
855 3481 911 3566 (fr.
935 3483 996 3542 255
1018 3480 1164 3545 Boeclrh.
1191 3486 1250 3545 106

145 3581 296 3665 Bergk).
317 3585 337 3660 ξ
358 3575 396 3643 τό
419 3577 456 3643 δὲ
477 3579 583 3662 μηδὲν
595 3572 683 3661 άγαν
704 3581 739 3643 οἱ
757 3579 819 3662 μὲν
831 3585 957 3644 Χίλωνι
980 3583 1026 3664 τῷ
1041 3581 1251 3662 Λακεδαιμο-

145 3685 207 3767 νίῳ
231 3674 466 3758 ἀνατιθέασιν,
496 3672 542 3752 ὡς
571 3682 709 3758 Κριτίας
736 3680 792 3763 (de
817 3702 881 3765 quo
910 3680 977 3743 vid.
1003 3700 1074 3762 cap.
1100 3679 1149 3741 IV
1173 3702 1205 3741 n.
1229 3683 1249 3742 0

144 3778 371 3860 1010011101),
404 3778 438 3840 01
468 3773 503 3839 δὲ
527 3775 696 3862 Σωδάμρι,
728 3770 773 3851 ἀς
804 3775 841 3841 κό
874 3777 911 3840 ἐν
935 3778 1039 3863 Τεγέᾳ
1061 3778 1250 3861 ἐπίγραμμα

146 3885 255 3947 tuot·

167 3907 187 3966 η
209 3976 305 4048 ταῦτ’
330 3980 445 4059 ἔλεγεν
459 3972 624 4059 Σάδαμος
643 3971 837 4059 Ἐπηράτου,
860 3969 897 4051 ός
919 3971 955 4058 μ’
980 3972 1163 4059 ἀνέθηκεν·

259 4079 365 4165 μηδὲν
386 4073 490 4160 άγαν·
513 4081 618 4164 καιρῷ
638 4073 746 4142 πάντα
768 4072 925 4157 πρόσεστι
948 4074 1043 4139 καλά.

146 4179 164 4248 ὁ
192 4181 229 4248 δὲ
258 4173 474 4263 Θὲόφρασκος
498 4173 544 4257 ὥς
564 4173 605 4243 τά
632 4175 794 4260 Σισύφου
822 4175 985 4259 λεγόμενα
1014 4176 1067 4239 καὶ
1086 4176 1249 4260 Πιτθέως,

145 4275 233 4351 οἷον·
275 4278 381 4368 μηδὲν
408 4274 510 4363 άγαν·
553 4275 636 4362 μηδὲ
665 4282 764 4362 δίκην
790 4273 936 4364 δικάσῃς.
982 4277 1065 4344 Cum
1094 4278 1145 4344 his
1173 4302 1247 4349 cou-
