2932 5002
227 396 289 459 362

228 586 302 628 curn
314 563 433 628 Gracci
450 564 624 650 scriptores
642 570 711 626 turn
721 562 832 625 Latini
846 562 892 625 ita
910 570 1060 645 narrant,
1073 570 1110 626 ut
1120 566 1229 629 cuncti
1242 588 1347 630 unum

227 667 350 729 fontem
379 665 529 748 attigisse
554 662 655 727 labris
683 663 871 746 videantur,
903 685 1048 750 quasque
1071 663 1235 750 Georgius
1259 667 1347 754 Syn-

227 765 328 831 cellus
351 764 570 829 miscellaneis
587 766 655 828 suis
678 767 762 852 (τοῖς
776 763 965 850 σποράδην)
984 766 1131 849 inseruit,
1153 789 1170 830 e
1194 767 1346 854 Didymo

225 869 373 934 fluxisse.
425 867 535 931 Etiam
563 867 768 952 Augustinus
797 866 837 931 de
862 867 1015 964 civ3Dei
1045 867 1067 931 l.
1093 868 1213 932 XVIII
1247 893 1276 934 e.
1304 874 1345 934 13

227 972 391 1036 connectit
413 967 543 1033 fabulas
574 967 615 1032 de
644 968 799 1053 Gorgone
831 968 872 1033 de
900 967 1028 1033 Antaeo
1062 969 1104 1036 de
1137 969 1345 1057 Ganymedis

226 1082 321 1158 raptu
349 1073 390 1138 de
418 1070 573 1158 Apolline
598 1070 707 1136 nomio
735 1069 775 1134 dc
798 1071 918 1135 Perseo
941 1069 1041 1152 alias,
1063 1093 1143 1158 quas
1166 1070 1344 1158 Syneellus

226 1176 395 1240 Cedrenus
428 1175 569 1238 Ioannes
602 1171 827 1236 Antiochenus
865 1179 897 1234 ct
934 1170 1057 1236 Malela
1087 1182 1232 1238 nectunt.
1289 1176 1345 1240 Ae

225 1278 374 1363 suspicer
396 1277 546 1364 equidem
565 1276 684 1341 latinos
706 1271 880 1358 scriptores
895 1273 1055 1338 Varronis
1076 1274 1227 1361 degente
1246 1277 1283 1342 P.
1300 1280 1343 1343 R.

226 1400 321 1464 opus,
356 1379 501 1444 Graecos
531 1376 667 1464 Didymi
692 1372 864 1437 historiam
897 1377 1104 1461 peregrinam
1135 1378 1343 1465 compilasse.

104 1550 107 1557 ⁴
226 1481 298 1545 Hoc
320 1491 408 1545 certe
429 1480 569 1546 Ioannes
589 1474 814 1544 Antiochenus
836 1497 888 1563 ap.
915 1475 1065 1541 Mueller.
1089 1476 1164 1544 hist.
1191 1481 1250 1557 Gr,
1272 1484 1342 1548 vol.

226 1583 275 1647 IV
303 1607 335 1670 p.
358 1585 419 1646 540
449 1591 603 1665 testatur,
639 1579 696 1645 ubi
718 1578 799 1643 haec
822 1577 975 1664 leguntur
1002 1579 1105 1645 ‘cod
1128 1582 1232 1645 Paris.
1258 1587 1343 1649 1630

226 1685 283 1750 sol.
308 1687 369 1749 234
409 1680 472 1749 eiad
502 1688 560 1768 τῆς
588 1682 753 1759 ἐκθέσεως
776 1674 935 1746 Ἰωάννου
960 1674 1150 1763 Ἀντιοχέως
1177 1687 1235 1766 τῆς
1263 1688 1344 1768 περὶ

225 1783 360 1870 χρόνων
391 1826 431 1836 —
464 1780 509 1863 dig
548 1803 654 1868 φησιν
692 1779 758 1849 ἀπὸ
792 1786 920 1868 βίβλων
954 1784 1105 1860 Μωσέως
1133 1779 1344 1869 Ἀφρικανοῦ

225 1881 396 1971 Εὐοεβίον
413 1889 574 1951 Hernico
597 1884 651 1950 καὶ
668 1894 701 1951 Δ
707 1887 747 1951 ιδ
754 1882 864 1967 ύμον
886 1883 941 1949 nat
960 1881 1111 1969 έτέρων’,
1133 1886 1215 1952 illud
1235 1889 1342 1975 ipsius

225 1990 403 2074 Augustini
427 1989 529 2054 verba
550 1988 721 2076 probabile
745 1988 880 2052 faciunt.

766 2177 796 2237 5.

312 2294 350 2356 ln
371 2293 433 2356 hoc
448 2291 585 2378 Didymi
604 2313 701 2377 opere
724 2290 894 2378 probabile
917 2303 966 2355 est
987 2294 1153 2356 exstitisse
1174 2294 1274 2357 etiarn
1296 2295 1344 2358 fa-

225 2396 336 2461 bulam
370 2395 410 2459 dc
442 2394 537 2456 Luna
569 2415 588 2455 a
621 2392 710 2455 Pane
751 2402 902 2478 corrupta
939 2416 1095 2480 perquam
1128 2395 1344 2478 reconditam,

226 2520 323 2585 quam
346 2520 408 2583 quo
433 2504 565 2559 auctore
594 2493 758 2558 retulisset
778 2493 945 2578 Vergilius
968 2518 1009 2560 ne
1033 2496 1183 2559 Valerius
1206 2498 1344 2582 quidem

225 2599 352 2663 Probus
373 2599 425 2662 vir
445 2596 686 2660 literatissimus
708 2596 853 2660 iudicare
874 2599 989 2683 potuit.
1037 2598 1181 2662 Maerob.
1207 2599 1343 2665 Saturn.

227 2704 316 2766 Vnt
339 2724 371 2788 p.
395 2704 457 2764 567
479 2697 531 2762 cd.
551 2698 670 2761 Zeun.:
699 2703 789 2776 Apud
816 2704 992 2776 stratuum,
1021 2701 1141 2785 inquit,
1165 2705 1232 2763 Pau
1256 2708 1345 2766 niveo

225 2812 316 2868 lunae
336 2825 459 2866 munere
478 2805 595 2865 Lunum
617 2806 747 2864 illesissc
767 2805 958 2880 perhibetur:

391 2910 442 2966 ‘in
465 2922 587 2966 nemora
603 2909 666 2965 altu
685 2924 793 2967 nocens

390 3026 512 3067 munere
532 3011 576 3068 sic
596 3010 679 3068 niueo
697 3011 797 3080 lunae,
818 3011 847 3067 ον’
864 3009 990 3068 medem
1009 3006 1188 3081 erenum’sr’

224 3119 252 3170 el
268 3113 394 3183 relique.
429 3110 467 3167 In
489 3111 629 3169 hocloco
656 3111 792 3169 Valerius
806 3111 920 3169 Probus
937 3112 983 3169 vir
996 3111 1233 3184 perfectissimus
1248 3122 1342 3183 notul,

225 3212 340 3269 nescire
359 3226 391 3268 se
412 3211 492 3270 tunc
505 3212 659 3270 historiam
680 3215 739 3270 stuc
752 3211 890 3283 fabulum
908 3229 965 3286 quo
982 3212 1100 3284 referat
1113 3223 1242 3285 auclore,
1259 3217 1345 3288 quod

225 3320 339 3371 tantum
364 3316 459 3372 ω’νννο
483 3311 602 3385 fugisse
626 3316 727 3371 miror.
772 3314 848 3373 Num
874 3315 1027 3373 Nicander
1055 3315 1142 3372 huius
1168 3321 1212 3372 est
1233 3326 1343 3374 auctor

226 3416 375 3487 historiae,
395 3423 594 3490 portaerem
610 3414 755 3489 Didymus
773 3419 987 3488 erumnarum
1003 3418 1131 3474 emnium
1149 3419 1258 3490 pirique
1280 3420 1341 3476 sint

225 3521 333 3592 quique
351 3517 469 3590 suerint
489 3518 729 3576 instructissimus
748 3516 920 3588 fabulosum
942 3525 1033 3578 uocat.
1066 3512 1174 3575 Locus
1196 3512 1340 3596 Vergilii

225 3615 399 3701 respicitur
420 3615 501 3679 Gen.
518 3613 571 3677 III
590 3617 647 3677 391
664 3637 745 3701 sqq„
768 3615 810 3678 cf.
825 3615 918 3679 Serv.
941 3614 975 3677 II
996 3635 1027 3699 p.
1043 3615 1101 3676 281
1125 3613 1220 3678 Lion.
1236 3613 1338 3679 Prob.

226 3717 259 3779 II
287 3741 318 3802 p.
342 3721 404 3782 369
428 3717 498 3780 cod.
531 3715 653 3780 Veron.
682 3716 716 3779 II
745 3740 777 3803 p.
808 3718 869 3779 309
897 3715 975 3779 Mai.
1015 3715 1112 3780 Adde
1148 3713 1338 3801 Philargyr.

223 3825 247 3880 t.
272 3817 306 3880 II
328 3842 360 3904 p.
383 3821 444 3882 399
464 3857 508 3868 -
531 3816 678 3880 ‘Fabula
704 3818 751 3880 sie
777 3825 841 3879 est:
882 3818 952 3880 Pan
982 3839 1056 3880 cum
1084 3817 1197 3880 Lunae
1226 3837 1340 3880 aurore

223 3917 386 4003 flagraret,
408 3930 444 3984 ut
466 3919 515 3983 illi
531 3921 693 3985 formosus
714 3920 892 4001 videretur,
917 3919 1023 3982 niveis
1042 3918 1204 3982 coloribus
1225 3940 1260 3980 se
1277 3919 1340 3981 cir·

223 4019 403 4104 cumdedit,
431 4032 529 4109 atque
551 4023 597 4087 ita
623 4045 694 4085 earn
722 4012 853 4085 adrem
875 4045 1049 4086 veneream
1067 4021 1184 4085 illexit.
1228 4019 1342 4086 Huius

223 4123 384 4206 opinionis
407 4133 521 4187 auctor
543 4131 593 4187 est
610 4122 791 4205 Nicander,
814 4145 874 4186 nce
894 4133 1021 4209 peterat
1044 4146 1125 4203 esse,
1149 4124 1213 4187 nisi
1235 4123 1343 4187 Grae·

223 4229 303 4285 cus'.
349 4223 513 4289 Nicandro
536 4228 638 4288 utitur
658 4225 822 4312 Didymus
851 4228 948 4288 etiarn
971 4225 1045 4289 aliis
1069 4225 1164 4292 locis:
1188 4223 1231 4287 cf.
1257 4248 1287 4288 e.
1306 4248 1342 4314 g.
