2948 5024
550 440 656 522 Γ-
699 443 735 504 Ν
776 477 818 486 -
1183 448 1242 506 147

215 607 290 669 435.
313 597 421 681 οὕτως
441 599 523 687 μετὰ
544 609 607 670 τού
625 630 646 670 ν
669 601 854 689 άνεικία,
875 608 937 684 ἔξω
952 610 1096 693 νείκους,
1119 608 1155 673 τὸ
1169 616 1243 675 ίσον

129 702 244 782 αὐτοῖς
266 699 490 789 άτιονέμουσα.
513 701 654 792 άμεινον
673 707 722 792 δέ,
744 712 860 793 φησίν,
881 702 1001 773 άεικέ
1006 734 1045 794 α,
1069 706 1130 776 τόυ
1149 706 1244 776 εότε-

129 810 182 890 λῆ.
201 807 239 870 ἐν
257 805 295 871 δὲ
311 809 357 896 τῷ
371 802 456 890 πρός
468 803 504 872 τό
516 809 671 887 Ξένωυος
685 806 880 892 παράδοξον
891 809 1094 895 προφέρεται
1115 806 1244 896 ἀμεμ-

132 907 210 992 φέα
232 907 398 993 μισθόν.
421 911 461 974 A.

213 1015 285 1074 445.
305 1005 515 1097 Ἀρίσταρχος
536 1009 702 1098 ἑστήκει
720 1011 824 1098 ’χωρίς
842 1016 904 1078 τού
924 1039 950 1078 ι.
967 1014 1009 1078 A.

211 1117 283 1176 450.
305 1111 360 1177 καί
379 1108 619 1199 Ἀριστοφάνης
637 1111 762 1201 ήθέτει,
778 1112 969 1200 Ζηνόδοτος
989 1115 1027 1179 δὲ
1044 1109 1125 1181 οὐδὲ
1143 1117 1243 1198 ἔχρα-

130 1237 202 1296 φεν.
222 1214 264 1278 Α.
283 1215 461 1281 Duentzer.
486 1218 610 1284 Zenod.
631 1242 664 1305 p.
688 1223 718 1302 3,
744 1221 793 1282 12.
817 1241 848 1304 p.
873 1222 903 1281 5.

210 1322 283 1381 451.
307 1311 416 1395 οὕτως
438 1313 495 1382 διά
515 1322 577 1383 τού
597 1343 612 1383 ε
634 1321 685 1404 φί
693 1344 768 1403 ρει.
793 1321 835 1383 A.

208 1423 281 1482 465.
313 1413 390 1483 οὐκ
419 1415 469 1484 ἄν
500 1423 561 1499 τίς
592 1446 666 1505 μιν
693 1418 899 1505 ἐρυκάκοι
934 1414 1241 1504 ἀντιβολήσας·

124 1515 347 1604 Ἀρίσταρχος·
366 1515 497 1586 ούκέν
511 1526 573 1599 τίς
587 1547 658 1607 μιν
673 1520 881 1606 ἐρύκακεν
896 1517 1241 1604 ἀντιβολήσαςΑ.

207 1625 282 1687 468.
304 1616 549 1705 ὀτρύνοντι·
573 1618 682 1702 οὕτως
704 1621 760 1690 διά
777 1627 839 1689 τοῦ
857 1647 877 1687 ο
896 1619 1136 1707 ὀτρύνοντι.
1160 1623 1202 1687 A.

670 1801 714 1871 N.

213 1931 243 1992 2.
278 1925 387 2011 παρὰ
419 1933 526 2016 τήσι·
567 1929 759 2015 Ζηνόδοτος
792 1928 848 1995 καί
874 1924 1117 2013 Ἀριστοφάνης
1148 1927 1241 2012 περὶ

124 2031 227 2114 τῇσι.
247 2026 370 2112 μήποτ’
393 2021 459 2096 οόν
479 2034 590 2116 διχῶς.
612 2033 653 2096 A.
676 2030 776 2112 [τινὲς
794 2024 901 2113 ττρός
923 2033 1015 2116 τῇσι
1038 2029 1091 2108 V.]
1117 2028 1240 2114 [Ζηνό-

125 2131 223 2207 δοτος
236 2130 274 2196 δὲ
289 2125 418 2216 όχέμεν.
442 2134 494 2212 V.]

210 2235 240 2297 6.
258 2228 470 2318 Ἀρίσταρχος
490 2233 589 2320 χωρίς
610 2237 676 2300 τού
701 2220 745 2302 τί
764 2229 1047 2301 δικαιοτάτων
1070 2227 1240 2315 ἀνδρώ-

124 2354 221 2398 ττων.
246 2335 287 2399 A.

209 2437 240 2500 8.
264 2433 313 2501 ού
332 2435 411 2520 γάρ
432 2431 495 2521 ὅγ’
519 2433 758 2505 ἀθανάτων·
787 2431 1030 2522 Ἀριστοφάνης
1052 2431 1108 2499 διὰ
1128 2436 1191 2498 τοῦ
1212 2456 1239 2517 ε,
1311 2470 1322 2488 ·

124 2531 174 2600 ού
191 2531 268 2622 γάρ
290 2533 343 2603 ἔτ’
368 2532 602 2605 άθανάτων.
625 2542 667 2604 A.

211 2641 259 2703 12.
298 2635 360 2705 ἐτ’
390 2637 625 2725 ἀκροτάτης
649 2644 854 2724 κορυφῆς·
884 2631 1128 2719 Ἀριστοφάνης
1154 2637 1241 2716 ττίη·

123 2745 295 2820 θυντικεός
329 2738 389 2808 ἐπ’
420 2738 651 2828 άκροτάτης
676 2744 873 2826 κορυφῇς.
920 2731 983 2802 οὐκ
1010 2733 1181 2801 άττίδανον
1203 2733 1241 2800 δὲ

124 2837 267 2926 ήχωρὶς
288 2848 350 2910 τού
368 2869 392 2928 ρ
408 2841 539 2930 γραφή,
565 2841 680 2909 Σάου
702 2840 775 2909 άντὶ
801 2845 863 2907 τοῦ
891 2835 1048 2924 Σάμου.
1088 2834 1150 2923 τήν
1175 2833 1240 2923 γάρ

123 2940 270 3028 Σαόκην
288 2941 326 3011 τό
354 2940 434 3027 ὅρος
456 2945 539 3030 φησί
565 2947 854 3030 τταραδηλούσδαι.
878 2944 919 3008 Α.

212 3049 262 3111 28.
280 3043 493 3132 Ἀρίσταρχος
508 3043 757 3133 ήγνοίησαν,
778 3043 874 3113 ἄλλοι
890 3044 927 3112 δὲ
944 3039 1183 3130 ήχνοίησεν.
1196 3043 1238 3107 A

125 3149 257 3215 Deinde
276 3149 483 3215 Aristonicus
506 3151 619 3216 eadem
639 3151 680 3216 de
701 3173 747 3216 re.

208 3255 259 3314 51.
293 3247 448 3327 ἕξουσι·
484 3246 725 3337 Ἀριστοφάνης
759 3246 995 3336 σχήσουσιν
1033 3241 1156 3332 όμοίιος
1193 3247 1240 3333 τῷ

124 3345 318 3435 *παρμένετ’
342 3346 436 3417 οὔτοι
459 3348 566 3435 δηρόν
589 3352 645 3438 ἐμὲ
668 3351 853 3439 σχήσουσιν
872 3346 1018 3434 Ἀχαιοί]
1040 3349 1133 3436 (151)
1154 3347 1196 3411 A.

208 3455 259 3519 59.
280 3454 380 3536 διχῶς
396 3448 655 3540 Ἀριστοφάνης,
676 3456 733 3521 καὶ
751 3452 941 3539 κεκοφοός
959 3450 1015 3515 καί
1039 3440 1238 3521 κεκοσύς·

123 3556 161 3622 ἐν
181 3552 218 3620 δὲ
236 3558 276 3645 τῇ
291 3559 357 3641 Χία
375 3550 638 3641 καίἈντιμάχου
656 3552 860 3622 κεκοκοόν.
882 3554 924 3618 A.
945 3552 994 3629 [αί
1011 3549 1048 3615 δὲ
1068 3538 1242 3628 Ἀριστάρ-

122 3679 186 3740 χου
205 3658 317 3739 διχῶς,
332 3653 484 3733 κεκοπύς
503 3657 558 3721 καὶ
577 3653 768 3739 τετυφύς
783 3655 837 3731 V.]
857 3655 938 3736 Leg.
952 3653 1052 3733 διχῶς
1068 3643 1242 3729 Ἀρίσταρ-

123 3780 189 3841 χος.
209 3757 389 3821 Duentzer.
413 3756 539 3820 Zenod.
559 3780 591 3841 p.
616 3761 664 3837 11,
683 3760 734 3820 47.

210 3862 261 3924 71.
296 3852 459 3939 γράφεται
491 3856 546 3919 καὶ
580 3861 748 3938 ίδματα.
780 3847 970 3934 Ζηνόδοτος
1003 3844 1041 3913 δὲ
1069 3847 1124 3912 καὶ
1153 3841 1242 3927 Ἀρί-

123 3975 265 4045 σταρχος
284 3963 445 4041 ίχματα.
467 3957 509 4021 A.

210 4065 261 4126 92.
271 4058 517 4143 Πηνέλεων·
533 4051 590 4123 διά
605 4059 667 4122 τοῦ
682 4050 965 4138 οἈριστοφάνης,
975 4051 1242 4139 ΠηνέλεονΑ.

209 4151 1240 4247 103.Ἀρίσταρχοςτιαρδαλίυν,άλλοιδὲτορδαίίων.Α.

213 4269 283 4329 107.
296 4261 487 4348 Ζηνόδοτος
499 4260 536 4329 δὲ
552 4262 608 4328 καὶ
620 4255 865 4346 Ἀριστοφάνης
883 4260 962 4323 νύν
982 4253 1026 4322 δὲ
1048 4250 1145 4335 ἑκάς
1164 4255 1242 4322 τό·

126 4374 231 4442 ίιος.
260 4367 303 4430 A.

969 4457 1035 4520 10*
