2962 5018
1185 406 1252 469 281.

139 572 318 655 συγχέουσι
342 565 459 652 δὲτὴν
482 567 518 633 έν
538 566 708 652 ἑκατέραις
728 566 897 654 διαφοράν
927 570 984 656 (cf.
1008 570 1089 634 Heo.
1113 571 1147 655 4)
1174 571 1247 636 coll.

137 674 288 737 Ammon.
318 673 359 737 de
388 671 456 734 diff.
490 695 522 757 p.
543 674 583 733 50
612 672 757 734 ἔνδον·
786 675 965 756 Σοφοκλῆς
992 667 1054 754 τὴν
1079 667 1249 755 διαφορὰν

137 784 267 855 συγχεῖ·
291 770 372 856 φησὶ
395 767 459 854 γὰρ
482 770 520 835 έν
543 775 732 856 Τραχινίαις
755 773 866 859 (204)·
891 781 1069 855 (γυναῖκες
1093 768 1159 838 αἴτ’
1183 775 1248 839 ἔσω

139 876 256 958 στέγης
278 876 313 939 αἳ
330 869 360 939 τ’
384 870 502 958 έκτός,’
523 874 603 939 δέον
623 878 744 940 εἰπεῖν·
769 886 926 958 γυναῖκες
948 876 1018 940 αἵτε
1032 877 1143 960 ἔνδον,
1166 899 1250 963 quae

140 976 237 1042 fidem
265 976 389 1041 faciunt
416 978 450 1040 in
475 977 576 1041 schol.
607 977 705 1065 Soph.
730 975 849 1042 Trach.
873 974 895 1039 l.
919 999 947 1039 c.
977 977 1140 1041 excidisse
1162 972 1199 1041 τὸ
1220 1002 1248 1060 χ.

138 1080 247 1165 Atque
262 1079 410 1143 confusio
426 1100 481 1141 vv.
495 1082 574 1142 είσω
592 1088 625 1144 et
641 1081 742 1144 ἔνδον
757 1077 932 1143 notabatur
951 1077 992 1142 ab
1004 1079 1190 1143 Aristonico
1208 1080 1251 1144 ad

138 1179 236 1244 Hom.
259 1180 379 1266 Odyss.
407 1203 428 1262 η
453 1184 490 1243 13
515 1180 616 1245 schol.
641 1181 711 1244 Pal.
756 1178 853 1244 Adde
880 1201 975 1243 usum
996 1180 1149 1246 vocabuli
1169 1176 1251 1244 τάσ-

103 1319 107 1325 ·
139 1298 213 1345 σειν
235 1282 399 1367 (τέταχεν)
424 1280 583 1344 Androm.
607 1285 668 1346 967
691 1281 763 1344 VR.
786 1280 860 1345 coll.
883 1279 984 1344 schol.
1006 1280 1104 1369 Soph.
1127 1282 1205 1346 Ant.
1234 1288 1246 1346 1

140 1384 284 1470 Hesych.
307 1379 425 1448 κοινόν
446 1383 526 1446 Eur.
545 1383 618 1446 Alc.
636 1384 698 1446 928
720 1376 802 1459 ἅλις.
818 1420 861 1430 -
878 1383 931 1445 De
950 1383 1044 1448 Phot.
1061 1383 1126 1449 lex.
1146 1388 1246 1467 482‚1

139 1485 304 1570 ρακχίζειν
328 1524 370 1535 —
392 1480 437 1561 τίς
466 1500 548 1567 φησι
572 1532 670 1547 .....
702 1476 783 1563 παρ’
813 1476 983 1568 Εὐριπίδῃ
1008 1485 1088 1549 dixi.
1107 1524 1151 1536 —
1172 1487 1250 1551 Fre-

139 1608 242 1672 quens
269 1587 366 1650 etiam
393 1588 428 1648 in
458 1584 590 1649 scholiis
619 1584 794 1670 Didymeis
819 1583 969 1671 >formula
997 1579 1199 1669 εὐεπίφορος
1229 1582 1248 1652 ὁ

54 1756 59 1763 ,
139 1688 233 1752 δεῖνα
257 1689 302 1762 είς
324 1682 361 1750 τὸ
384 1686 495 1769 λέγειν
514 1682 579 1749 κτὲ.

226 1788 422 1852 Huiusmodi
441 1786 602 1872 ‚exempla
631 1784 696 1849 alia
729 1784 770 1849 ab
801 1785 874 1848 aliis
902 1794 933 1849 et
962 1796 1091 1872 reperta
1118 1797 1251 1870 suntet

140 1896 294 1976 poterunt
315 1889 467 1973 reperiri:
498 1908 559 1971 ego
589 1887 725 1972 apposui
752 1907 835 1971 quae
864 1896 896 1949 et
924 1888 1099 1951 memoriae
1128 1897 1160 1952 et
1179 1912 1251 1975 per·

140 1991 292 2056 lustranti
316 1988 395 2052 mihi
418 1989 618 2053 collectanea
638 2008 711 2051 mea
730 1988 835 2074 prima
856 2009 928 2051 sese
952 1988 1148 2053 obtulerunt.

223 2091 294 2155 Iam
316 2112 394 2155 vero
417 2091 526 2178 paullo
548 2090 732 2155 accuratius
752 2091 953 2175 pertexenda
975 2091 1051 2172 erit,
1079 2114 1176 2178 quam
1199 2115 1250 2157 su-

137 2215 198 2278 pra
218 2194 332 2279 primis
353 2201 478 2257 tantum
499 2193 595 2257 lineis
621 2190 824 2272 adumbravi,
847 2191 888 2256 de
910 2191 1144 2257 dissidentibus
1169 2196 1250 2258 artis

138 2291 337 2377 Euripideae
369 2293 645 2357 existimatoribus
676 2292 863 2377 disputatis.
908 2292 1062 2357 Diximus
1088 2294 1169 2357 duas
1193 2293 1251 2358 ob-

138 2393 360 2455 servationum
388 2395 489 2456 series
517 2395 687 2457 continuas
713 2401 879 2478 tamquam
905 2391 961 2455 fila
991 2393 1082 2475 duci,
1114 2394 1249 2458 alteram

138 2492 293 2576 candide,
322 2491 458 2556 alteram
487 2495 630 2579 iniquius
657 2493 698 2556 de
719 2502 835 2578 poetae
856 2502 926 2556 arte
947 2494 1155 2560 iudicantem.
1200 2497 1251 2559 Ac

140 2593 258 2679 prioris
283 2594 415 2679 quidem
440 2604 553 2659 auctor
574 2594 724 2675 alterius,
753 2615 848 2679 quem
869 2595 1029 2679 respexit,
1062 2604 1173 2680 aperto
1194 2596 1250 2658 ad·

140 2694 322 2761 versarium
336 2717 409 2759 sese
422 2704 570 2761 testatur.
596 2694 703 2759 Schol.
714 2695 872 2759 Androm.
883 2698 924 2759 32
937 2695 1017 2760 Cob.
1034 2693 1252 2778 οίφαύλως

139 2790 588 2881 ὐπομνηματισύμενοι
611 2792 836 2876 ἐγκαλοῦσι
851 2799 897 2883 τῷ
914 2790 1083 2882 Εὐριπίδῃ
1097 2791 1250 2878 φάσκον-

141 2923 194 2977 τες
215 2899 269 2964 sut
291 2909 460 2982 τραγικοῖς
481 2893 673 2978 προσώποις
697 2896 875 2983 κωμῳδίαν
888 2891 993 2960 αὐτὸν
1007 2898 1249 2963 διατεθεῖσθαι.

141 3004 313 3083 γυναικῶν
339 3023 375 3064 τε
403 2994 467 3080 γὰρ
497 2991 660 3073 ὑπονοίας
689 2990 763 3060 κατ’
792 2991 946 3081 ἀλλήλων
973 2997 1028 3063 καὶ
1055 2995 1173 3081 ζήλους
1195 2996 1251 3063 καὶ

141 3103 310 3183 λοιδορίας
329 3100 384 3165 καὶ
408 3093 493 3162 ἄλλα
512 3091 575 3161 ὅσα
598 3100 644 3174 είς
663 3099 842 3185 κωμῳδίαν
860 3104 1016 3163 συντελεῖ
1034 3103 1139 3163 ταῦτα
1161 3093 1250 3165 διπα-

141 3198 290 3280 ξάπαντα
315 3204 415 3266 τοῦτο
429 3194 466 3263 τό
484 3201 595 3281 δρᾶμα
610 3200 872 3284 περιειληφέναι,
895 3193 1167 3282 ἀγνοοῦντες.
1187 3195 1250 3265 ὅσα

142 3299 206 3387 γὰρ
236 3306 281 3381 είς
309 3301 496 3387 τραγῳδίαν
524 3305 678 3365 συντελεῖ
699 3305 803 3365 ταῦτα
825 3301 985 3383 περιέχει,
1016 3297 1077 3365 τὸν
1097 3299 1250 3365 θάνατον

141 3408 203 3470 τοῦ
225 3401 465 3486 Νεοπτολέμου
488 3400 543 3465 καί
565 3404 700 3484 θρῆνον
721 3403 858 3485 Πηλέως
887 3401 925 3466 ἐν
946 3401 1048 3484 τέλει,
1075 3396 1160 3481 ἅπερ
1181 3400 1250 3465 ἐστι

141 3506 339 3591 τραγῳδίαςε
366 3543 409 3552 -
437 3502 508 3566 VR.
530 3503 689 3567 Androm.
714 3507 774 3567 724
803 3505 912 3568 ἔνιοί
931 3517 1032 3584 φασι
1059 3496 1149 3581 παρὰ
1171 3495 1251 3577 τούς

141 3601 285 3686 χρόνους
306 3607 512 3668 αἰνίττεσθαι
533 3598 574 3665 τὰ
588 3602 899 3685 Πελοποννησιακιί.
923 3596 999 3664 οὐκ
1020 3595 1251 3681 ἀναγκαῖον

141 3693 217 3767 οὐν
241 3711 643 3783 κατασυκοφαντελν
669 3697 730 3765 τδν
755 3699 962 3783 Εὐριπίδην,
993 3694 1077 3763 ἀλλὰ
1107 3695 1250 3781 φάσκειν

143 3798 310 3885 πλάσματι
337 3803 531 3882 κεχρῆσθαι.
576 3801 668 3865 Idem
696 3802 738 3865 ad
762 3802 860 3865 Rhes.
889 3806 951 3865 476
980 3821 1074 3863 suum
1096 3802 1251 3886 interpre-

142 3903 234 3968 tandi
268 3910 420 3966 conatum
447 3898 600 3964 laudibus
633 3902 726 3966 effert
757 3895 778 3982 ἡ
804 3896 841 3964 δὲ
868 3894 951 3981 καλὴ
980 3896 1132 3983 ἐξήγησις
1154 3895 1248 3983 αὐτη.

141 4006 192 4068 Ac
221 4003 300 4067 locis
330 4001 400 4066 fere
427 4001 607 4065 innumeris
633 4000 769 4086 vulgata
793 4000 925 4064 Arsenii
940 3998 1072 4065 >scholia
1093 4001 1251 4065 adversus

141 4106 289 4171 indoctos
303 4097 569 4189 (ἀπαιδεύτους),
589 4102 655 4166 tela
670 4112 792 4166 acuunt
805 4122 886 4188 quos
902 4110 935 4165 et
948 4100 1103 4185 colligere
1119 4101 1252 4186 longum

140 4217 172 4271 et
194 4207 226 4269 h.
250 4206 272 4269 l.
292 4206 442 4269 omittere
463 4202 683 4289 prudentioris
704 4212 769 4283 est,
799 4224 841 4266 ne
866 4201 1099 4287 Byzantiorum
1120 4201 1251 4287 lupinae

136 4329 196 4397 pro
226 4328 301 4374 aere
333 4312 485 4372 veneant.
545 4302 642 4389 Quod
681 4303 836 4371 adnotavi
869 4310 1001 4395 propter
1034 4301 1134 4371 schol.
1166 4303 1246 4369 Eur.
