2932 5002
235 400 296 462 384

321 565 414 646 Quae
441 588 515 629 curn
543 567 589 630 ita
616 566 697 647 sint,
725 575 860 651 apparet
880 588 977 652 quam
999 564 1096 649 longe
1116 586 1137 627 a
1156 588 1240 630 vero
1272 566 1363 632 absit

236 669 292 732 Fr.
316 668 461 732 Ritterns
484 669 518 731 in
540 669 730 753 quaestione
758 666 798 731 de
819 669 888 730 vita
907 666 1111 752 Thucydidis
1139 668 1250 754 prima
1272 693 1306 756 p.
1329 672 1362 732 8.
1446 696 1452 712 ·

237 775 267 853 9,
297 771 368 856 qui,
395 779 567 856 postquam
590 790 632 832 ex
654 767 706 831 his
726 790 844 832 novem
866 789 887 830 a
908 768 1004 832 nobis
1024 771 1252 856 transscriptis
1275 770 1362 835 locis

238 882 389 960 quattuor
406 879 532 935 tantum
554 871 714 956 apposuit,
739 868 819 932 haec
838 868 944 932 addit:
965 874 1035 933 ‘Ex
1049 876 1151 935 eodem
1165 893 1269 952 opere,
1286 895 1361 938 cum

236 983 299 1039 alia
317 981 470 1050 nonnulla,
489 994 566 1051 quae
580 978 703 1053 Didymi
718 977 835 1034 nomine
849 975 1033 1049 reserantur,
1051 977 1165 1037 delecta
1179 981 1360 1052 existumas,

182 1132 184 1136 ,
235 1089 296 1140 tum
317 1097 363 1152 ea,
385 1095 462 1154 quae
482 1080 584 1139 doctas
604 1081 654 1138 ille
673 1081 809 1138 literatar
830 1078 867 1166 tle
888 1077 1065 1152 Theopaitiis
1079 1081 1194 1153 oripiue
1210 1085 1361 1156 etpatria

230 1184 388 1258 proposuit
408 1188 477 1240 teste
496 1180 587 1240 solsol.
609 1180 653 1238 aal
672 1181 791 1239 Platon.
811 1178 903 1252 Lepp.
925 1173 942 1236 I
961 1199 992 1262 p.
1016 1180 1078 1240 630
1097 1176 1151 1239 A.’
1173 1175 1360 1241 Volumina

237 1282 323 1343 enim
340 1272 552 1361 συμποσιακά
571 1285 604 1339 et
625 1273 700 1361 aspi
711 1279 862 1357 λυρικῶν
878 1280 1027 1360 ποιητῶν
1042 1279 1200 1364 inscripta
1214 1300 1291 1343 cum
1308 1281 1359 1343 iu·

235 1383 337 1445 nioris
345 1378 483 1466 Didymi
495 1400 566 1442 esse
579 1377 836 1442 demonstratum
847 1379 899 1461 sit,
908 1402 946 1444 ac
957 1388 1127 1466 praeterea
1139 1378 1228 1443 haud
1241 1377 1360 1445 fallaci

235 1484 423 1547 coniectura
433 1481 571 1568 Didymi
585 1480 626 1544 de
637 1479 840 1565 Theognidis
851 1483 959 1567 patria
973 1483 1167 1546 sententiam
1181 1483 1358 1567 inscripto

236 1583 277 1647 de
294 1581 407 1670 lyricis
418 1586 523 1669 poetis
535 1583 782 1670 pronunciatum
802 1603 873 1645 esse
885 1584 1103 1665 statuerimus,
1128 1583 1221 1647 vides
1236 1581 1356 1646 horum

235 1684 392 1750 librorum
423 1687 458 1748 in
486 1685 696 1750 diiudicando
731 1682 772 1747 de
801 1693 933 1749 auctore
964 1686 1105 1750 vitarum
1134 1683 1359 1770 Thucydidis,

237 1787 408 1874 Sophoclis
445 1786 604 1873 Aeschyli
635 1783 804 1869 Euripidis
838 1788 1027 1872 quaestione
1056 1786 1179 1851 nullam
1214 1808 1356 1873 prorsus

237 1910 310 1952 esse
332 1890 399 1952 vim
422 1898 518 1976 atque
540 1890 776 1954 auctoritatem.
822 1887 919 1973 Unde
937 1888 1034 1952 simul
1056 1887 1206 1970 eflicitur,
1226 1896 1264 1951 ut
1278 1909 1356 1973 pro-

236 1988 371 2053 lixiores
395 1991 476 2054 istas
509 1993 596 2054 vitas
624 1998 749 2076 partem
772 1989 924 2076 aliquam·
940 1988 1226 2076 Symposiacorum
1247 1988 1355 2054 fuisse

236 2088 329 2152 —id
351 2090 437 2176 quod
459 2112 518 2176 per
540 2112 576 2154 se
596 2112 712 2176 parum
729 2099 779 2153 est
792 2088 1014 2176 probabile—
1025 2090 1208 2178 praefracte
1228 2112 1355 2175 negan-

238 2190 314 2255 dum
338 2191 394 2272 sit,
428 2193 491 2255 nisi
515 2190 630 2255 harum
650 2213 778 2278 quoque
796 2203 964 2279 parentem
984 2191 1165 2280 Didymum
1186 2195 1356 2258 iuniorem

237 2295 346 2378 potius
368 2315 464 2380 quam
489 2291 739 2357 chalcenterum
760 2315 939 2379 agnoscere
962 2295 1128 2360 malueris.

686 2490 721 2567 t.
747 2487 782 2567 t.
807 2487 841 2567 l.
866 2486 902 2567 8.

322 2620 362 2684 L.
374 2620 530 2684 Annaeus
546 2618 670 2684 Seneca
687 2620 722 2682 in
745 2619 884 2705 epistula
895 2618 1123 2702 LXXXVIII,
1144 2628 1182 2688 ut
1199 2619 1353 2684 liberalia

236 2722 346 2786 studia
376 2723 410 2784 in
438 2722 535 2787 bonis
562 2744 628 2786 non
660 2743 731 2785 esse
756 2743 817 2784 nec
845 2721 887 2785 ad
915 2724 1069 2785 virtutem
1090 2744 1149 2808 per
1171 2744 1206 2786 se
1231 2722 1355 2788 ducere

236 2820 365 2887 doceat:
389 2828 474 2887 ‘Non
488 2835 579 2904 putas
593 2845 659 2887 eum
671 2828 971 2904 reprehendentium?
983 2824 1096 2910 inquit,
1109 2831 1176 2903 ‘qui
1189 2838 1355 2905 occupatus

235 2936 279 2987 est
299 2931 330 2988 in
351 2947 539 3005 supervacua
555 2935 712 2992 literarum
734 2926 937 3006 supellectile?
957 2930 1030 2989 Pius
1050 2932 1128 2990 seire
1150 2934 1238 3001 aelle,
1260 2949 1353 3005 quam

235 3031 273 3088 sit
296 3034 383 3103 satis,
407 3035 652 3109 intemperantiae
677 3050 773 3107 penus
793 3041 845 3093 est.
892 3031 983 3103 Ouid,
1005 3032 1086 3106 quoti
1105 3034 1162 3091 ista
1179 3034 1352 3093 liberalium

236 3135 346 3191 artium
367 3140 544 3197 consectatio
565 3139 697 3196 molestas
719 3136 853 3195 verbosos
876 3137 1092 3208 intempestivos
1116 3134 1173 3193 sibi
1195 3137 1354 3209 placentes

232 3232 314 3305 facit
331 3243 360 3295 et
385 3238 452 3297 itleo
476 3255 534 3298 uon
555 3239 701 3297 discentes
722 3238 909 3308 necessaria,
933 3239 1004 3310 quia
1022 3252 1211 3312 superuacua
1231 3236 1353 3296 didice-

234 3334 329 3396 rant?
358 3339 501 3410 Quattuor
521 3341 605 3398 milia
626 3337 769 3397 librorum
789 3337 981 3397 llllil'MllS
997 3334 1246 3418 psammeticus&
1267 3342 1353 3398 scri-

233 3441 309 3513 psit:
331 3443 435 3514 miser,
457 3444 485 3500 si
504 3448 563 3499 tam
586 3442 679 3499 multa
700 3456 890 3514 supervacua
912 3442 1037 3514 lepisset.
1081 3439 1119 3498 In
1141 3441 1188 3500 liis
1205 3440 1292 3499 libris
1311 3435 1354 3498 de

235 3539 341 3622 patria
361 3538 497 3603 Homeri
519 3544 689 3616 quaeritur,
716 3544 747 3600 io
772 3543 819 3601 itis
848 3537 888 3601 de
910 3538 1044 3601 Aeneae
1070 3548 1173 3601 matre
1196 3558 1293 3619 vera,
1322 3544 1353 3599 ia

234 3642 280 3701 ltis
307 3637 515 3704 libidinosior
536 3641 710 3703 Anacreon
740 3661 782 3702 an
806 3638 966 3703 ebriosior
987 3640 1158 3726 vixerir),
1187 3647 1218 3703 in
1240 3644 1288 3702 liis
1311 3661 1354 3701 an

235 3738 365 3827 Sappho
381 3739 513 3827 publica
525 3741 666 3826 fuerit³)‚
681 3749 790 3817 etalio,
806 3761 884 3820 quae
898 3753 988 3805 eraut
1002 3744 1193 3816 dediscenda,
1209 3746 1238 3802 si
1246 3747 1354 3802 scires.

308 3913 334 3979 1)
354 3913 396 3964 ct.
414 3914 524 3964 Fabric.
543 3914 600 3965 BG.
620 3913 650 3963 11
670 3915 693 3977 l,
713 3913 730 3965 8
746 3914 800 3966 vol.
817 3915 831 3965 I
849 3931 876 3980 p.
895 3914 956 3965 258.
1295 3985 1299 3992 Ι

303 4000 330 4066 2)
351 4001 393 4050 Cf.
412 4000 513 4065 Bergk.
531 4001 631 4051 Anaor.
651 4017 677 4066 p.
701 4001 732 4052 18
750 4007 778 4051 et
796 4004 829 4052 27
853 4000 1021 4065 Bernhardy.
1041 4000 1149 4052 Griech.
1170 3999 1225 4050 Lit.
1251 3998 1355 4050 Geseh.

235 4087 264 4137 II
302 4086 386 4137 .f›02.
587 4119 591 4126 ·

282 4103 332 4237 p3)
347 4173 389 4224 cl.
403 4172 562 4238 Bernhardy
572 4173 591 4224 l.
601 4172 620 4224 l.
633 4189 659 4238 p.
668 4175 720 4226 490
732 4176 811 4224 Neuii
821 4173 924 4238 Sapph.
934 4174 985 4237 pli
997 4189 1056 4237 sqq.
1072 4171 1152 4236 Apud
1169 4171 1268 4221 Athen.
1283 4171 1357 4220 XIII

234 4274 262 4323 p.
282 4258 368 4309 569Ε
385 4258 511 4309 lacunam
530 4260 664 4311 vocabulo
682 4255 898 4326 μεταγενεστέρα
917 4259 1040 4324 suppleo.
1079 4259 1205 4308 Ceterum
1218 4256 1271 4306 Th.
1288 4257 1359 4306 Bcc-

232 4344 306 4395 card.
327 4344 360 4394 dc
379 4344 475 4395 scholl.
490 4346 518 4394 in
538 4347 650 4397 Homer.
670 4347 785 4397 Iliadem
802 4347 915 4396 Venetis
935 4344 980 4412 (A)
998 4362 1025 4410 p.
1044 4344 1075 4395 sl
1097 4342 1199 4408 (Berol.
1221 4342 1300 4396 laea.
1316 4342 1358 4410 8.)
