<?xml version="1.0" encoding="UTF-8"?>
<!DOCTYPE html PUBLIC "-//W3C//DTD XHTML 1.0 Transitional//EN"
    "http://www.w3.org/TR/xhtml1/DTD/xhtml1-transitional.dtd">
<html xmlns="http://www.w3.org/1999/xhtml" xml:lang="en" lang="en">
 <head>
  <title>
</title>
<meta http-equiv="Content-Type" content="text/html;charset=utf-8" />
  <meta name='ocr-system' content='tesseract 3.04.00' />
  <meta name='ocr-capabilities' content='ocr_page ocr_carea ocr_par ocr_line ocrx_word'/>
</head>
<body>
  <div class='ocr_page' id='page_1' title='image "./didymichalcente00schmgoog_0186.png"; bbox 0 0 2962 5024; ppageno 0'>
   <div class='ocr_carea' id='block_1_1' title="bbox 608 415 1269 487">
    <p class='ocr_par' dir='ltr' id='par_1_1' title="bbox 608 415 1269 487">
     <span class='ocr_line' id='line_1_1' title="bbox 608 415 1269 487; baseline -0.006 3"><span class='ocrx_word' id='word_1_1' title='bbox 608 415 808 476; x_wconf 82' lang='grc' dir='ltr'><strong><em>-Τ-</em></strong></span> <span class='ocrx_word' id='word_1_2' title='bbox 1210 426 1269 487; x_wconf 86' lang='lat'><strong><em>167</em></strong></span> 
     </span>
    </p>
   </div>
   <div class='ocr_carea' id='block_1_2' title="bbox 144 572 1280 3698">
    <p class='ocr_par' dir='ltr' id='par_1_2' title="bbox 239 572 1113 666">
     <span class='ocr_line' id='line_1_2' title="bbox 239 572 1113 666; baseline 0.013 -25"><span class='ocrx_word' id='word_1_3' title='bbox 239 581 291 643; x_wconf 89' lang='grc'><strong><em>89.</em></strong></span> <span class='ocrx_word' id='word_1_4' title='bbox 310 572 522 663; x_wconf 76' lang='grc' dir='ltr'><strong><em>Ἀρίσταρχος</em></strong></span> <span class='ocrx_word' id='word_1_5' title='bbox 543 576 807 666; x_wconf 77' lang='grc' dir='ltr'><strong><em>ἐπισταμένῳ</em></strong></span> <span class='ocrx_word' id='word_1_6' title='bbox 826 602 904 663; x_wconf 86' lang='grc' dir='ltr'><strong><em>περ</em></strong></span> <span class='ocrx_word' id='word_1_7' title='bbox 925 580 1048 650; x_wconf 84' lang='grc' dir='ltr'><strong><em>ἐόντι.</em></strong></span> <span class='ocrx_word' id='word_1_8' title='bbox 1071 589 1113 653; x_wconf 99' lang='lat' dir='ltr'><strong>A.</strong></span> 
     </span>
    </p>

    <p class='ocr_par' dir='ltr' id='par_1_3' title="bbox 241 672 1265 770">
     <span class='ocr_line' id='line_1_3' title="bbox 241 672 1265 770; baseline 0.016 -28"><span class='ocrx_word' id='word_1_9' title='bbox 241 681 291 744; x_wconf 98' lang='grc'><strong><em>86.</em></strong></span> <span class='ocrx_word' id='word_1_10' title='bbox 326 672 406 762; x_wconf 86' lang='grc' dir='ltr'><strong><em>παρ’</em></strong></span> <span class='ocrx_word' id='word_1_11' title='bbox 426 672 659 762; x_wconf 78' lang='grc' dir='ltr'><strong><em>Ἀριστοφάνει</em></strong></span> <span class='ocrx_word' id='word_1_12' title='bbox 680 679 736 745; x_wconf 79' lang='grc' dir='ltr'><strong><em>καὶ</em></strong></span> <span class='ocrx_word' id='word_1_13' title='bbox 758 685 798 766; x_wconf 80' lang='grc' dir='ltr'><strong><em>τῇ</em></strong></span> <span class='ocrx_word' id='word_1_14' title='bbox 820 686 885 770; x_wconf 79' lang='grc' dir='ltr'><strong><em>Χίρι</em></strong></span> <span class='ocrx_word' id='word_1_15' title='bbox 906 690 1189 755; x_wconf 86' lang='grc' dir='ltr'><strong><em>νεικείονσιν.</em></strong></span> <span class='ocrx_word' id='word_1_16' title='bbox 1223 693 1265 758; x_wconf 91' lang='lat' dir='ltr'><strong>A.</strong></span> 
     </span>
    </p>

    <p class='ocr_par' dir='ltr' id='par_1_4' title="bbox 153 775 1266 1151">
     <span class='ocr_line' id='line_1_4' title="bbox 240 775 1264 877; baseline 0.014 -33"><span class='ocrx_word' id='word_1_17' title='bbox 240 784 291 844; x_wconf 85' lang='lat'><strong>90.</strong></span> <span class='ocrx_word' id='word_1_18' title='bbox 327 781 388 858; x_wconf 77' lang='grc' dir='ltr'><strong><em>ἔξω</em></strong></span> <span class='ocrx_word' id='word_1_19' title='bbox 417 782 480 844; x_wconf 77' lang='grc' dir='ltr'><strong><em>τοῦ</em></strong></span> <span class='ocrx_word' id='word_1_20' title='bbox 505 803 526 844; x_wconf 92' lang='grc' dir='ltr'><strong><em>ν</em></strong></span> <span class='ocrx_word' id='word_1_21' title='bbox 549 781 586 844; x_wconf 81' lang='grc' dir='ltr'><strong><em>αἱ</em></strong></span> <span class='ocrx_word' id='word_1_22' title='bbox 604 775 820 865; x_wconf 76' lang='grc' dir='ltr'><strong><em>Ἀριστάρχου</em></strong></span> <span class='ocrx_word' id='word_1_23' title='bbox 841 778 944 849; x_wconf 87' lang='grc' dir='ltr'><strong><em>άλλὰ</em></strong></span> <span class='ocrx_word' id='word_1_24' title='bbox 965 789 1007 850; x_wconf 91' lang='grc' dir='ltr'><strong><em>τί</em></strong></span> <span class='ocrx_word' id='word_1_25' title='bbox 1025 808 1068 852; x_wconf 90' lang='grc' dir='ltr'><strong><em>κε</em></strong></span> <span class='ocrx_word' id='word_1_26' title='bbox 1089 789 1264 877; x_wconf 80' lang='grc' dir='ltr'><strong><em>ῥέξαιμι.</em></strong></span> 
     </span>
     <span class='ocr_line' id='line_1_5' title="bbox 154 875 1265 982; baseline 0.012 -36"><span class='ocrx_word' id='word_1_27' title='bbox 154 881 318 967; x_wconf 75' lang='grc' dir='ltr'><strong><em>γράφεται</em></strong></span> <span class='ocrx_word' id='word_1_28' title='bbox 341 881 378 944; x_wconf 77' lang='grc' dir='ltr'><strong><em>δὲ</em></strong></span> <span class='ocrx_word' id='word_1_29' title='bbox 400 879 454 945; x_wconf 82' lang='grc' dir='ltr'><strong><em>καὶ</em></strong></span> <span class='ocrx_word' id='word_1_30' title='bbox 476 875 548 945; x_wconf 86' lang='grc' dir='ltr'><strong><em>κατ’</em></strong></span> <span class='ocrx_word' id='word_1_31' title='bbox 573 882 648 946; x_wconf 78' lang='grc' dir='ltr'><strong><em>ἔνια</em></strong></span> <span class='ocrx_word' id='word_1_32' title='bbox 669 880 799 960; x_wconf 72' lang='grc' dir='ltr'><strong><em>θεοὺς</em></strong></span> <span class='ocrx_word' id='word_1_33' title='bbox 826 881 896 949; x_wconf 76' lang='grc' dir='ltr'><strong><em>διά</em></strong></span> <span class='ocrx_word' id='word_1_34' title='bbox 916 881 1055 951; x_wconf 87' lang='grc' dir='ltr'><strong><em>πάντα</em></strong></span> <span class='ocrx_word' id='word_1_35' title='bbox 1073 898 1265 982; x_wconf 82' lang='grc' dir='ltr'><strong><em>τελευτᾷ,</em></strong></span> 
     </span>
     <span class='ocr_line' id='line_1_6' title="bbox 153 977 1266 1072; baseline 0.01 -23"><span class='ocrx_word' id='word_1_36' title='bbox 153 981 211 1049; x_wconf 76' lang='grc' dir='ltr'><strong><em>διὰ</em></strong></span> <span class='ocrx_word' id='word_1_37' title='bbox 236 978 317 1060; x_wconf 79' lang='grc' dir='ltr'><strong><em>τοὺς</em></strong></span> <span class='ocrx_word' id='word_1_38' title='bbox 340 977 446 1060; x_wconf 77' lang='grc' dir='ltr'><strong><em>θεοὺς</em></strong></span> <span class='ocrx_word' id='word_1_39' title='bbox 475 981 567 1058; x_wconf 85' lang='grc' dir='ltr'><strong><em>τέλος</em></strong></span> <span class='ocrx_word' id='word_1_40' title='bbox 593 979 703 1048; x_wconf 90' lang='grc' dir='ltr'><strong><em>πάντα</em></strong></span> <span class='ocrx_word' id='word_1_41' title='bbox 724 982 897 1069; x_wconf 78' lang='grc' dir='ltr'><strong><em>λαμβάνει.</em></strong></span> <span class='ocrx_word' id='word_1_42' title='bbox 931 986 969 1051; x_wconf 81' lang='grc' dir='ltr'><strong><em>ἐν</em></strong></span> <span class='ocrx_word' id='word_1_43' title='bbox 991 988 1029 1052; x_wconf 84' lang='grc' dir='ltr'><strong><em>6ε’</em></strong></span> <span class='ocrx_word' id='word_1_44' title='bbox 1048 1007 1115 1056; x_wconf 93' lang='grc' dir='ltr'><strong><em>τισι</em></strong></span> <span class='ocrx_word' id='word_1_45' title='bbox 1133 990 1266 1072; x_wconf 77' lang='grc' dir='ltr'><strong><em>θεοὺς</em></strong></span> 
     </span>
     <span class='ocr_line' id='line_1_7' title="bbox 153 1081 1196 1151; baseline -0.008 0"><span class='ocrx_word' id='word_1_46' title='bbox 153 1082 222 1151; x_wconf 81' lang='grc' dir='ltr'><strong><em>διά</em></strong></span> <span class='ocrx_word' id='word_1_47' title='bbox 245 1081 377 1150; x_wconf 91' lang='grc' dir='ltr'><strong><em>πάντα</em></strong></span> <span class='ocrx_word' id='word_1_48' title='bbox 398 1082 606 1149; x_wconf 79' lang='grc' dir='ltr'><strong><em>τέτυκται.</em></strong></span> <span class='ocrx_word' id='word_1_49' title='bbox 1193 1117 1196 1122; x_wconf 93' lang='grc'>-</span> 
     </span>
    </p>

    <p class='ocr_par' dir='ltr' id='par_1_5' title="bbox 237 1179 1263 1277">
     <span class='ocr_line' id='line_1_8' title="bbox 237 1179 1263 1277; baseline 0.01 -28"><span class='ocrx_word' id='word_1_50' title='bbox 237 1188 289 1251; x_wconf 86' lang='grc'><strong><em>92.</em></strong></span> <span class='ocrx_word' id='word_1_51' title='bbox 312 1188 359 1270; x_wconf 79' lang='grc' dir='ltr'><strong><em>τῇ</em></strong></span> <span class='ocrx_word' id='word_1_52' title='bbox 380 1185 471 1268; x_wconf 81' lang='grc' dir='ltr'><strong><em>μέν·</em></strong></span> <span class='ocrx_word' id='word_1_53' title='bbox 491 1179 600 1262; x_wconf 81' lang='grc' dir='ltr'><strong><em>οὕτως</em></strong></span> <span class='ocrx_word' id='word_1_54' title='bbox 615 1180 837 1275; x_wconf 77' lang='grc' dir='ltr'><strong><em>Ἀρίσταρχος,</em></strong></span> <span class='ocrx_word' id='word_1_55' title='bbox 857 1184 953 1256; x_wconf 80' lang='grc' dir='ltr'><strong><em>ἄλλοι</em></strong></span> <span class='ocrx_word' id='word_1_56' title='bbox 970 1188 1010 1273; x_wconf 66' lang='lat' dir='ltr'><strong><em>oi</em></strong></span> <span class='ocrx_word' id='word_1_57' title='bbox 1029 1196 1101 1277; x_wconf 82' lang='grc' dir='ltr'><strong><em>τῆς</em></strong></span> <span class='ocrx_word' id='word_1_58' title='bbox 1117 1193 1200 1276; x_wconf 79' lang='grc' dir='ltr'><strong><em>μίν.</em></strong></span> <span class='ocrx_word' id='word_1_59' title='bbox 1221 1196 1263 1259; x_wconf 93' lang='lat' dir='ltr'><strong>A.</strong></span> 
     </span>
    </p>

    <p class='ocr_par' dir='ltr' id='par_1_6' title="bbox 153 1281 1264 1575">
     <span class='ocr_line' id='line_1_9' title="bbox 238 1281 1264 1379; baseline 0.008 -28"><span class='ocrx_word' id='word_1_60' title='bbox 238 1290 289 1351; x_wconf 89' lang='grc'><strong><em>95.</em></strong></span> <span class='ocrx_word' id='word_1_61' title='bbox 316 1281 526 1370; x_wconf 81' lang='grc' dir='ltr'><strong><em>Ἀρίσταρχος</em></strong></span> <span class='ocrx_word' id='word_1_62' title='bbox 547 1281 654 1363; x_wconf 76' lang='grc' dir='ltr'><strong><em>Ζευς</em></strong></span> <span class='ocrx_word' id='word_1_63' title='bbox 675 1282 814 1354; x_wconf 84' lang='grc' dir='ltr'><strong><em>άσατο.</em></strong></span> <span class='ocrx_word' id='word_1_64' title='bbox 847 1291 902 1357; x_wconf 81' lang='grc' dir='ltr'><strong><em>καὶ</em></strong></span> <span class='ocrx_word' id='word_1_65' title='bbox 921 1288 1030 1371; x_wconf 78' lang='grc' dir='ltr'><strong><em>οὕτως</em></strong></span> <span class='ocrx_word' id='word_1_66' title='bbox 1051 1292 1088 1357; x_wconf 77' lang='grc' dir='ltr'><strong><em>ἐν</em></strong></span> <span class='ocrx_word' id='word_1_67' title='bbox 1109 1286 1264 1379; x_wconf 87' lang='grc' dir='ltr'><strong><em>άπάσαις,</em></strong></span> 
     </span>
     <span class='ocr_line' id='line_1_10' title="bbox 153 1382 1264 1477; baseline 0.006 -22"><span class='ocrx_word' id='word_1_68' title='bbox 153 1384 258 1465; x_wconf 79' lang='grc' dir='ltr'><strong><em>Ζεύς</em></strong></span> <span class='ocrx_word' id='word_1_69' title='bbox 277 1382 417 1452; x_wconf 81' lang='grc' dir='ltr'><strong><em>άσατο.</em></strong></span> <span class='ocrx_word' id='word_1_70' title='bbox 453 1386 509 1452; x_wconf 83' lang='grc' dir='ltr'><strong><em>καὶ</em></strong></span> <span class='ocrx_word' id='word_1_71' title='bbox 531 1388 600 1452; x_wconf 79' lang='grc' dir='ltr'><strong><em>ἔστι</em></strong></span> <span class='ocrx_word' id='word_1_72' title='bbox 621 1387 895 1477; x_wconf 77' lang='grc' dir='ltr'><strong><em>ποιητικώτερον.</em></strong></span> <span class='ocrx_word' id='word_1_73' title='bbox 922 1393 960 1458; x_wconf 78' lang='grc' dir='ltr'><strong><em>ἐν</em></strong></span> <span class='ocrx_word' id='word_1_74' title='bbox 982 1397 1021 1460; x_wconf 76' lang='grc' dir='ltr'><strong><em>δέ</em></strong></span> <span class='ocrx_word' id='word_1_75' title='bbox 1036 1411 1103 1460; x_wconf 92' lang='grc' dir='ltr'><strong><em>τισι</em></strong></span> <span class='ocrx_word' id='word_1_76' title='bbox 1126 1399 1195 1460; x_wconf 74' lang='grc' dir='ltr'><strong><em>τοῖν</em></strong></span> <span class='ocrx_word' id='word_1_77' title='bbox 1216 1399 1264 1463; x_wconf 89' lang='grc' dir='ltr'><strong><em>εί-</em></strong></span> 
     </span>
     <span class='ocr_line' id='line_1_11' title="bbox 153 1482 674 1575; baseline -0.006 -18"><span class='ocrx_word' id='word_1_78' title='bbox 153 1491 337 1575; x_wconf 81' lang='grc' dir='ltr'><strong><em>καιοτὲροιν</em></strong></span> <span class='ocrx_word' id='word_1_79' title='bbox 355 1491 411 1572; x_wconf 73' lang='grc' dir='ltr'><strong><em>Ζιῖ</em></strong></span> <span class='ocrx_word' id='word_1_80' title='bbox 419 1482 452 1553; x_wconf 89' lang='grc' dir='ltr'><strong><em>ν’</em></strong></span> <span class='ocrx_word' id='word_1_81' title='bbox 477 1482 613 1554; x_wconf 85' lang='grc' dir='ltr'><strong><em>άσατο.</em></strong></span> <span class='ocrx_word' id='word_1_82' title='bbox 632 1489 674 1554; x_wconf 90' lang='lat' dir='ltr'><strong>A.</strong></span> 
     </span>
    </p>

    <p class='ocr_par' dir='ltr' id='par_1_7' title="bbox 152 1583 1263 1781">
     <span class='ocr_line' id='line_1_12' title="bbox 237 1583 1263 1686; baseline 0.012 -32"><span class='ocrx_word' id='word_1_83' title='bbox 237 1595 287 1656; x_wconf 83' lang='lat'><strong>96.</strong></span> <span class='ocrx_word' id='word_1_84' title='bbox 331 1583 420 1673; x_wconf 81' lang='grc' dir='ltr'><strong><em>παρὰ</em></strong></span> <span class='ocrx_word' id='word_1_85' title='bbox 438 1583 672 1672; x_wconf 86' lang='grc' dir='ltr'><strong><em>Ἀριστοφάνει</em></strong></span> <span class='ocrx_word' id='word_1_86' title='bbox 686 1584 796 1656; x_wconf 66' lang='grc' dir='ltr'><strong><em>’άλλά</em></strong></span> <span class='ocrx_word' id='word_1_87' title='bbox 816 1617 868 1658; x_wconf 91' lang='grc' dir='ltr'><strong><em>νυ</em></strong></span> <span class='ocrx_word' id='word_1_88' title='bbox 887 1595 955 1660; x_wconf 77' lang='grc' dir='ltr'><strong><em>καί</em></strong></span> <span class='ocrx_word' id='word_1_89' title='bbox 977 1594 1060 1663; x_wconf 88' lang='grc' dir='ltr'><strong><em>τόν.</em></strong></span> <span class='ocrx_word' id='word_1_90' title='bbox 1104 1599 1143 1663; x_wconf 77' lang='grc' dir='ltr'><strong><em>ἐν</em></strong></span> <span class='ocrx_word' id='word_1_91' title='bbox 1163 1598 1200 1665; x_wconf 74' lang='grc' dir='ltr'><strong><em>δὲ</em></strong></span> <span class='ocrx_word' id='word_1_92' title='bbox 1223 1605 1263 1686; x_wconf 77' lang='grc' dir='ltr'><strong><em>τῇ</em></strong></span> 
     </span>
     <span class='ocr_line' id='line_1_13' title="bbox 152 1686 813 1781; baseline 0 -23"><span class='ocrx_word' id='word_1_93' title='bbox 152 1697 216 1781; x_wconf 78' lang='grc' dir='ltr'><strong><em>Χία</em></strong></span> <span class='ocrx_word' id='word_1_94' title='bbox 239 1690 380 1777; x_wconf 87' lang='grc' dir='ltr'><strong><em>φάμεν</em></strong></span> <span class='ocrx_word' id='word_1_95' title='bbox 398 1692 585 1775; x_wconf 76' lang='grc' dir='ltr'><strong><em>ἔμμεναι,</em></strong></span> <span class='ocrx_word' id='word_1_96' title='bbox 608 1686 748 1774; x_wconf 73' lang='grc' dir='ltr'><strong><em>η’θικοίς.</em></strong></span> <span class='ocrx_word' id='word_1_97' title='bbox 772 1695 813 1758; x_wconf 93' lang='lat' dir='ltr'><strong><em>A.</em></strong></span> 
     </span>
    </p>

    <p class='ocr_par' dir='ltr' id='par_1_8' title="bbox 150 1787 1261 1972">
     <span class='ocr_line' id='line_1_14' title="bbox 240 1787 1261 1884; baseline 0.012 -29"><span class='ocrx_word' id='word_1_98' title='bbox 240 1798 309 1858; x_wconf 87' lang='grc'><strong>105.</strong></span> <span class='ocrx_word' id='word_1_99' title='bbox 344 1787 462 1868; x_wconf 83' lang='grc' dir='ltr'><strong><em>άλλως.</em></strong></span> <span class='ocrx_word' id='word_1_100' title='bbox 497 1787 587 1874; x_wconf 86' lang='grc' dir='ltr'><strong><em>παρά</em></strong></span> <span class='ocrx_word' id='word_1_101' title='bbox 605 1787 838 1876; x_wconf 88' lang='grc' dir='ltr'><strong><em>Ἀριστοφάνει</em></strong></span> <span class='ocrx_word' id='word_1_102' title='bbox 868 1797 930 1874; x_wconf 78' lang='grc' dir='ltr'><strong><em>ἔξω</em></strong></span> <span class='ocrx_word' id='word_1_103' title='bbox 953 1801 1014 1862; x_wconf 79' lang='grc' dir='ltr'><strong><em>τοῦ</em></strong></span> <span class='ocrx_word' id='word_1_104' title='bbox 1033 1805 1060 1863; x_wconf 77' lang='grc' dir='ltr'><em>θ</em></span> <span class='ocrx_word' id='word_1_105' title='bbox 1079 1802 1261 1884; x_wconf 77' lang='grc' dir='ltr'><strong><em>οἳαίμα-</em></strong></span> 
     </span>
     <span class='ocr_line' id='line_1_15' title="bbox 150 1896 291 1972; baseline 0 -14"><span class='ocrx_word' id='word_1_106' title='bbox 150 1917 226 1972; x_wconf 92' lang='grc' dir='ltr'><strong><em>τος.</em></strong></span> <span class='ocrx_word' id='word_1_107' title='bbox 249 1896 291 1959; x_wconf 90' lang='grc' dir='ltr'><strong><em>Α.</em></strong></span> 
     </span>
    </p>

    <p class='ocr_par' dir='ltr' id='par_1_9' title="bbox 236 1991 685 2082">
     <span class='ocr_line' id='line_1_16' title="bbox 236 1991 685 2082; baseline 0 -24"><span class='ocrx_word' id='word_1_108' title='bbox 236 2000 307 2060; x_wconf 89' lang='grc'><strong>117.</strong></span> <span class='ocrx_word' id='word_1_109' title='bbox 330 1995 368 2060; x_wconf 80' lang='grc' dir='ltr'><strong><em>ἐν</em></strong></span> <span class='ocrx_word' id='word_1_110' title='bbox 389 1998 430 2081; x_wconf 78' lang='grc' dir='ltr'><strong><em>τῇ</em></strong></span> <span class='ocrx_word' id='word_1_111' title='bbox 450 1996 516 2082; x_wconf 82' lang='grc' dir='ltr'><strong><em>Χίηι</em></strong></span> <span class='ocrx_word' id='word_1_112' title='bbox 534 1991 620 2079; x_wconf 81' lang='grc' dir='ltr'><strong><em>μής.</em></strong></span> <span class='ocrx_word' id='word_1_113' title='bbox 643 1996 685 2071; x_wconf 89' lang='grc' dir='ltr'><strong><em>Α.</em></strong></span> 
     </span>
    </p>

    <p class='ocr_par' dir='ltr' id='par_1_10' title="bbox 149 2095 1258 2285">
     <span class='ocr_line' id='line_1_17' title="bbox 235 2095 1258 2187; baseline 0.008 -27"><span class='ocrx_word' id='word_1_114' title='bbox 235 2098 323 2182; x_wconf 88' lang='grc'><strong>(189.</strong></span> <span class='ocrx_word' id='word_1_115' title='bbox 356 2096 516 2174; x_wconf 84' lang='grc' dir='ltr'><strong><em>τέως-</em></strong></span> <span class='ocrx_word' id='word_1_116' title='bbox 537 2096 575 2161; x_wconf 81' lang='grc' dir='ltr'><strong><em>ἐν</em></strong></span> <span class='ocrx_word' id='word_1_117' title='bbox 597 2095 634 2162; x_wconf 75' lang='grc' dir='ltr'><strong><em>δὲ</em></strong></span> <span class='ocrx_word' id='word_1_118' title='bbox 655 2108 726 2174; x_wconf 81' lang='grc' dir='ltr'><strong><em>ταῖς</em></strong></span> <span class='ocrx_word' id='word_1_119' title='bbox 750 2099 966 2181; x_wconf 86' lang='grc' dir='ltr'><strong><em>είκαιοτίραις</em></strong></span> <span class='ocrx_word' id='word_1_120' title='bbox 987 2098 1069 2183; x_wconf 83' lang='grc' dir='ltr'><strong><em>μετὰ</em></strong></span> <span class='ocrx_word' id='word_1_121' title='bbox 1089 2106 1152 2167; x_wconf 80' lang='grc' dir='ltr'><strong><em>τοῦ</em></strong></span> <span class='ocrx_word' id='word_1_122' title='bbox 1173 2103 1223 2167; x_wconf 91' lang='grc' dir='ltr'><strong><em>πε’</em></strong></span> <span class='ocrx_word' id='word_1_123' title='bbox 1227 2127 1258 2187; x_wconf 94' lang='grc' dir='ltr'><strong><em>ρ.</em></strong></span> 
     </span>
     <span class='ocr_line' id='line_1_18' title="bbox 149 2197 1210 2285; baseline 0.005 -22"><span class='ocrx_word' id='word_1_124' title='bbox 149 2200 203 2285; x_wconf 85' lang='grc' dir='ltr'><strong><em>Β.)</em></strong></span> <span class='ocrx_word' id='word_1_125' title='bbox 225 2197 349 2262; x_wconf 83' lang='lat' dir='ltr'><strong>Friedl.</strong></span> <span class='ocrx_word' id='word_1_126' title='bbox 367 2197 483 2262; x_wconf 84' lang='lat' dir='ltr'>Nioan.</span> <span class='ocrx_word' id='word_1_127' title='bbox 501 2220 533 2284; x_wconf 88' lang='lat' dir='ltr'><strong><em>p.</em></strong></span> <span class='ocrx_word' id='word_1_128' title='bbox 557 2201 619 2263; x_wconf 87' lang='grc'><strong><em>256</em></strong></span> <span class='ocrx_word' id='word_1_129' title='bbox 642 2198 798 2263; x_wconf 76' lang='lat' dir='ltr'>Nicanori</span> <span class='ocrx_word' id='word_1_130' title='bbox 817 2199 964 2264; x_wconf 80' lang='lat' dir='ltr'>vindieat</span> <span class='ocrx_word' id='word_1_131' title='bbox 984 2205 1090 2268; x_wconf 83' lang='lat' dir='ltr'>minuo</span> <span class='ocrx_word' id='word_1_132' title='bbox 1112 2213 1210 2268; x_wconf 78' lang='lat' dir='ltr'><strong>reete.</strong></span> 
     </span>
    </p>

    <p class='ocr_par' dir='ltr' id='par_1_11' title="bbox 146 2294 1259 3094">
     <span class='ocr_line' id='line_1_19' title="bbox 234 2294 1259 2389; baseline 0.008 -26"><span class='ocrx_word' id='word_1_133' title='bbox 234 2301 307 2363; x_wconf 94' lang='grc'><strong>327.</strong></span> <span class='ocrx_word' id='word_1_134' title='bbox 346 2296 402 2364; x_wconf 83' lang='grc' dir='ltr'><strong><em>καὶ</em></strong></span> <span class='ocrx_word' id='word_1_135' title='bbox 418 2294 659 2382; x_wconf 84' lang='grc' dir='ltr'><strong><em>Ἀριστοφάνης</em></strong></span> <span class='ocrx_word' id='word_1_136' title='bbox 680 2299 861 2382; x_wconf 77' lang='grc' dir='ltr'><strong><em>προηθέτει</em></strong></span> <span class='ocrx_word' id='word_1_137' title='bbox 882 2296 943 2365; x_wconf 86' lang='grc' dir='ltr'><strong><em>τὸν</em></strong></span> <span class='ocrx_word' id='word_1_138' title='bbox 963 2306 1086 2387; x_wconf 88' lang='grc' dir='ltr'><strong><em>στίχον,</em></strong></span> <span class='ocrx_word' id='word_1_139' title='bbox 1109 2299 1155 2381; x_wconf 66' lang='grc' dir='ltr'><strong><em>οἷς</em></strong></span> <span class='ocrx_word' id='word_1_140' title='bbox 1175 2323 1259 2389; x_wconf 93' lang='grc' dir='ltr'><strong><em>φησι</em></strong></span> 
     </span>
     <span class='ocr_line' id='line_1_20' title="bbox 149 2395 1259 2486; baseline 0.005 -21"><span class='ocrx_word' id='word_1_141' title='bbox 149 2403 404 2482; x_wconf 86' lang='grc' dir='ltr'><strong><em>Καλλίστρατος.</em></strong></span> <span class='ocrx_word' id='word_1_142' title='bbox 444 2395 481 2464; x_wconf 94' lang='grc' dir='ltr'><strong><em>τό</em></strong></span> <span class='ocrx_word' id='word_1_143' title='bbox 511 2422 547 2465; x_wconf 87' lang='grc' dir='ltr'><strong><em>τε</em></strong></span> <span class='ocrx_word' id='word_1_144' title='bbox 577 2395 639 2483; x_wconf 79' lang='grc' dir='ltr'><strong><em>γὰρ</em></strong></span> <span class='ocrx_word' id='word_1_145' title='bbox 668 2397 722 2464; x_wconf 79' lang='grc' dir='ltr'><strong><em>ἐπὶ</em></strong></span> <span class='ocrx_word' id='word_1_146' title='bbox 746 2397 866 2477; x_wconf 78' lang='grc' dir='ltr'><strong><em>παιδὸς</em></strong></span> <span class='ocrx_word' id='word_1_147' title='bbox 885 2404 1006 2486; x_wconf 78' lang='grc' dir='ltr'><strong><em>κομιδῇ</em></strong></span> <span class='ocrx_word' id='word_1_148' title='bbox 1028 2403 1187 2486; x_wconf 77' lang='grc' dir='ltr'><strong><em>λέγεσθαι</em></strong></span> <span class='ocrx_word' id='word_1_149' title='bbox 1206 2408 1259 2471; x_wconf 80' lang='grc' dir='ltr'><strong><em>δι-</em></strong></span> 
     </span>
     <span class='ocr_line' id='line_1_21' title="bbox 149 2490 1259 2588; baseline 0.003 -23"><span class='ocrx_word' id='word_1_150' title='bbox 149 2503 332 2577; x_wconf 76' lang='grc' dir='ltr'><strong><em>στακτικοίς</em></strong></span> <span class='ocrx_word' id='word_1_151' title='bbox 356 2506 394 2566; x_wconf 85' lang='grc' dir='ltr'><strong><em>εί</em></strong></span> <span class='ocrx_word' id='word_1_152' title='bbox 409 2523 490 2566; x_wconf 88' lang='grc' dir='ltr'><strong><em>που</em></strong></span> <span class='ocrx_word' id='word_1_153' title='bbox 511 2502 569 2564; x_wconf 80' lang='grc' dir='ltr'><strong><em>ἔτι</em></strong></span> <span class='ocrx_word' id='word_1_154' title='bbox 592 2498 699 2584; x_wconf 62' lang='lat' dir='ltr'>coiea,</span> <span class='ocrx_word' id='word_1_155' title='bbox 732 2503 788 2567; x_wconf 77' lang='grc' dir='ltr'><strong><em>καὶ</em></strong></span> <span class='ocrx_word' id='word_1_156' title='bbox 814 2505 920 2565; x_wconf 80' lang='grc' dir='ltr'><strong><em>ταῦτα</em></strong></span> <span class='ocrx_word' id='word_1_157' title='bbox 946 2500 1030 2586; x_wconf 74' lang='grc' dir='ltr'><strong><em>μηδὲ</em></strong></span> <span class='ocrx_word' id='word_1_158' title='bbox 1058 2490 1173 2588; x_wconf 74' lang='grc' dir='ltr'><strong><em>πόρρω</em></strong></span> <span class='ocrx_word' id='word_1_159' title='bbox 1201 2508 1259 2588; x_wconf 82' lang='grc' dir='ltr'><strong><em>τῆς</em></strong></span> 
     </span>
     <span class='ocr_line' id='line_1_22' title="bbox 148 2596 1258 2687; baseline 0.001 -19"><span class='ocrx_word' id='word_1_160' title='bbox 148 2598 290 2687; x_wconf 88' lang='grc' dir='ltr'><strong><em>Σκάρου</em></strong></span> <span class='ocrx_word' id='word_1_161' title='bbox 305 2602 470 2686; x_wconf 79' lang='grc' dir='ltr'><strong><em>κειμένης,</em></strong></span> <span class='ocrx_word' id='word_1_162' title='bbox 492 2596 657 2687; x_wconf 79' lang='grc' dir='ltr'><strong><em>ὕποπτον,</em></strong></span> <span class='ocrx_word' id='word_1_163' title='bbox 678 2599 763 2667; x_wconf 88' lang='grc' dir='ltr'><strong><em>τότε</em></strong></span> <span class='ocrx_word' id='word_1_164' title='bbox 778 2600 976 2686; x_wconf 76' lang='grc' dir='ltr'><strong><em>θεοειδής</em></strong></span> <span class='ocrx_word' id='word_1_165' title='bbox 990 2596 1137 2684; x_wconf 84' lang='grc' dir='ltr'><strong><em>άιιαίροις</em></strong></span> <span class='ocrx_word' id='word_1_166' title='bbox 1151 2621 1258 2685; x_wconf 88' lang='grc' dir='ltr'><strong><em>προσ-</em></strong></span> 
     </span>
     <span class='ocr_line' id='line_1_23' title="bbox 147 2697 1258 2789; baseline 0.002 -21"><span class='ocrx_word' id='word_1_167' title='bbox 147 2703 309 2789; x_wconf 79' lang='grc' dir='ltr'><strong><em>έρριπται.</em></strong></span> <span class='ocrx_word' id='word_1_168' title='bbox 339 2699 520 2787; x_wconf 81' lang='grc' dir='ltr'><strong><em>τεκμήριον</em></strong></span> <span class='ocrx_word' id='word_1_169' title='bbox 542 2699 579 2767; x_wconf 75' lang='grc' dir='ltr'><strong><em>δὲ</em></strong></span> <span class='ocrx_word' id='word_1_170' title='bbox 601 2708 659 2786; x_wconf 80' lang='grc' dir='ltr'><strong><em>τῆς</em></strong></span> <span class='ocrx_word' id='word_1_171' title='bbox 680 2705 860 2785; x_wconf 79' lang='grc' dir='ltr'><strong><em>διασκευῆς</em></strong></span> <span class='ocrx_word' id='word_1_172' title='bbox 879 2697 916 2766; x_wconf 84' lang='grc' dir='ltr'><strong><em>τὸ</em></strong></span> <span class='ocrx_word' id='word_1_173' title='bbox 937 2702 992 2766; x_wconf 80' lang='grc' dir='ltr'><strong><em>καὶ</em></strong></span> <span class='ocrx_word' id='word_1_174' title='bbox 1015 2700 1134 2786; x_wconf 81' lang='grc' dir='ltr'><strong><em>ἑτέρως</em></strong></span> <span class='ocrx_word' id='word_1_175' title='bbox 1156 2704 1258 2788; x_wconf 76' lang='grc' dir='ltr'><strong><em>φέρε-</em></strong></span> 
     </span>
     <span class='ocr_line' id='line_1_24' title="bbox 146 2798 1257 2888; baseline -0.001 -18"><span class='ocrx_word' id='word_1_176' title='bbox 146 2811 228 2870; x_wconf 74' lang='grc' dir='ltr'><strong><em>σθαι</em></strong></span> <span class='ocrx_word' id='word_1_177' title='bbox 248 2801 309 2871; x_wconf 84' lang='grc' dir='ltr'><strong><em>τόν</em></strong></span> <span class='ocrx_word' id='word_1_178' title='bbox 331 2804 462 2888; x_wconf 85' lang='grc' dir='ltr'><strong><em>στίχον,</em></strong></span> <span class='ocrx_word' id='word_1_179' title='bbox 494 2809 625 2868; x_wconf 85' lang='grc' dir='ltr'><strong><em>είπον</em></strong></span> <span class='ocrx_word' id='word_1_180' title='bbox 645 2805 704 2868; x_wconf 79' lang='grc' dir='ltr'><strong><em>ἔτι</em></strong></span> <span class='ocrx_word' id='word_1_181' title='bbox 727 2799 822 2881; x_wconf 77' lang='grc' dir='ltr'><strong><em>ζάει</em></strong></span> <span class='ocrx_word' id='word_1_182' title='bbox 845 2826 890 2886; x_wconf 82' lang='grc' dir='ltr'><strong><em>γε</em></strong></span> <span class='ocrx_word' id='word_1_183' title='bbox 910 2804 1053 2888; x_wconf 82' lang='grc' dir='ltr'><strong><em>Πνρῆς</em></strong></span> <span class='ocrx_word' id='word_1_184' title='bbox 1074 2802 1184 2887; x_wconf 78' lang='grc' dir='ltr'><strong><em>ἐμός,</em></strong></span> <span class='ocrx_word' id='word_1_185' title='bbox 1209 2798 1257 2869; x_wconf 75' lang='grc' dir='ltr'><strong><em>ὃν</em></strong></span> 
     </span>
     <span class='ocr_line' id='line_1_25' title="bbox 147 2904 1257 2992; baseline -0.002 -21"><span class='ocrx_word' id='word_1_186' title='bbox 147 2906 411 2973; x_wconf 79' lang='grc' dir='ltr'><strong><em>κατέλειπον.</em></strong></span> <span class='ocrx_word' id='word_1_187' title='bbox 435 2907 476 2969; x_wconf 92' lang='lat' dir='ltr'><strong>A.</strong></span> <span class='ocrx_word' id='word_1_188' title='bbox 499 2906 571 2970; x_wconf 91' lang='lat' dir='ltr'><strong><em>Hoo</em></strong></span> <span class='ocrx_word' id='word_1_189' title='bbox 592 2904 738 2970; x_wconf 80' lang='lat' dir='ltr'>scholion</span> <span class='ocrx_word' id='word_1_190' title='bbox 754 2904 891 2992; x_wconf 88' lang='lat' dir='ltr'>Didymi</span> <span class='ocrx_word' id='word_1_191' title='bbox 916 2927 987 2970; x_wconf 80' lang='lat' dir='ltr'>esso</span> <span class='ocrx_word' id='word_1_192' title='bbox 1009 2927 1136 2970; x_wconf 80' lang='lat' dir='ltr'>mecum</span> <span class='ocrx_word' id='word_1_193' title='bbox 1159 2906 1257 2971; x_wconf 84' lang='lat' dir='ltr'><strong>sentit</strong></span> 
     </span>
     <span class='ocr_line' id='line_1_26' title="bbox 147 3007 796 3094; baseline -0.003 -22"><span class='ocrx_word' id='word_1_194' title='bbox 147 3007 185 3072; x_wconf 89' lang='lat' dir='ltr'><strong><em>L.</em></strong></span> <span class='ocrx_word' id='word_1_195' title='bbox 208 3007 417 3073; x_wconf 80' lang='lat' dir='ltr'><strong>Friedlaend.</strong></span> <span class='ocrx_word' id='word_1_196' title='bbox 443 3007 478 3070; x_wconf 91' lang='lat' dir='ltr'><strong><em>in</em></strong></span> <span class='ocrx_word' id='word_1_197' title='bbox 498 3008 644 3072; x_wconf 70' lang='lat' dir='ltr'><strong><em>Ariston.</em></strong></span> <span class='ocrx_word' id='word_1_198' title='bbox 666 3029 699 3094; x_wconf 90' lang='lat' dir='ltr'><strong><em>p.</em></strong></span> <span class='ocrx_word' id='word_1_199' title='bbox 725 3010 796 3071; x_wconf 93' lang='grc'><strong>295.</strong></span> 
     </span>
    </p>

    <p class='ocr_par' dir='ltr' id='par_1_12' title="bbox 231 3103 1097 3194">
     <span class='ocr_line' id='line_1_27' title="bbox 231 3103 1097 3194; baseline -0.002 -21"><span class='ocrx_word' id='word_1_200' title='bbox 231 3113 303 3173; x_wconf 89' lang='grc'><strong>333.</strong></span> <span class='ocrx_word' id='word_1_201' title='bbox 324 3103 433 3184; x_wconf 80' lang='grc' dir='ltr'><strong><em>οὕτως</em></strong></span> <span class='ocrx_word' id='word_1_202' title='bbox 452 3103 661 3194; x_wconf 85' lang='grc' dir='ltr'><strong><em>Ἀρίσταρχος</em></strong></span> <span class='ocrx_word' id='word_1_203' title='bbox 681 3112 820 3194; x_wconf 75' lang='grc' dir='ltr'><strong><em>δμῶας</em></strong></span> <span class='ocrx_word' id='word_1_204' title='bbox 842 3108 903 3185; x_wconf 80' lang='grc' dir='ltr'><strong><em>ἔξω</em></strong></span> <span class='ocrx_word' id='word_1_205' title='bbox 925 3110 988 3172; x_wconf 79' lang='grc' dir='ltr'><strong><em>τοῦ</em></strong></span> <span class='ocrx_word' id='word_1_206' title='bbox 1009 3132 1032 3172; x_wconf 92' lang='grc' dir='ltr'><strong><em>ι.</em></strong></span> <span class='ocrx_word' id='word_1_207' title='bbox 1055 3108 1097 3171; x_wconf 88' lang='lat' dir='ltr'><strong><em>A.</em></strong></span> 
     </span>
    </p>

    <p class='ocr_par' dir='ltr' id='par_1_13' title="bbox 144 3204 1280 3698">
     <span class='ocr_line' id='line_1_28' title="bbox 231 3204 1280 3295; baseline 0 -22"><span class='ocrx_word' id='word_1_208' title='bbox 231 3213 410 3275; x_wconf 83' lang='grc'><strong>365-368,</strong></span> <span class='ocrx_word' id='word_1_209' title='bbox 435 3204 638 3276; x_wconf 77' lang='grc' dir='ltr'><strong><em>άθετοῦνται</em></strong></span> <span class='ocrx_word' id='word_1_210' title='bbox 658 3217 763 3295; x_wconf 87' lang='grc' dir='ltr'><strong><em>στίχοι</em></strong></span> <span class='ocrx_word' id='word_1_211' title='bbox 784 3209 951 3293; x_wconf 82' lang='grc' dir='ltr'><strong><em>τέσσαρες.</em></strong></span> <span class='ocrx_word' id='word_1_212' title='bbox 974 3214 1107 3292; x_wconf 80' lang='grc' dir='ltr'><strong><em>γελοῖον</em></strong></span> <span class='ocrx_word' id='word_1_213' title='bbox 1130 3205 1194 3293; x_wconf 79' lang='grc' dir='ltr'><strong><em>γάρ</em></strong></span> <span class='ocrx_word' id='word_1_214' title='bbox 1216 3205 1280 3274; x_wconf 84' lang='grc' dir='ltr'><strong><em>τ6’</em></strong></span> 
     </span>
     <span class='ocr_line' id='line_1_29' title="bbox 145 3305 1256 3398; baseline -0.002 -23"><span class='ocrx_word' id='word_1_215' title='bbox 145 3314 337 3395; x_wconf 78' lang='grc' dir='ltr'><strong><em>βρυχάσθαι</em></strong></span> <span class='ocrx_word' id='word_1_216' title='bbox 361 3306 422 3375; x_wconf 84' lang='grc' dir='ltr'><strong><em>τὸν</em></strong></span> <span class='ocrx_word' id='word_1_217' title='bbox 434 3305 592 3396; x_wconf 83' lang='grc' dir='ltr'><strong><em>Ἀχιλλέα,</em></strong></span> <span class='ocrx_word' id='word_1_218' title='bbox 614 3308 637 3398; x_wconf 80' lang='grc' dir='ltr'><em>ἥ</em></span> <span class='ocrx_word' id='word_1_219' title='bbox 653 3337 689 3379; x_wconf 88' lang='grc' dir='ltr'><strong><em>τε</em></strong></span> <span class='ocrx_word' id='word_1_220' title='bbox 710 3312 871 3378; x_wconf 82' lang='grc' dir='ltr'><strong><em>συνέπεια</em></strong></span> <span class='ocrx_word' id='word_1_221' title='bbox 893 3306 996 3376; x_wconf 71' lang='grc' dir='ltr'><strong><em>οὐδὲν</em></strong></span> <span class='ocrx_word' id='word_1_222' title='bbox 1011 3313 1101 3394; x_wconf 78' lang='grc' dir='ltr'><strong><em>ζητεῖ</em></strong></span> <span class='ocrx_word' id='word_1_223' title='bbox 1115 3312 1256 3394; x_wconf 77' lang='grc' dir='ltr'><strong><em>διαγρα-</em></strong></span> 
     </span>
     <span class='ocr_line' id='line_1_30' title="bbox 145 3405 1255 3498; baseline -0.005 -21"><span class='ocrx_word' id='word_1_224' title='bbox 145 3413 278 3496; x_wconf 80' lang='grc' dir='ltr'><strong><em>φέντων</em></strong></span> <span class='ocrx_word' id='word_1_225' title='bbox 303 3405 435 3496; x_wconf 78' lang='grc' dir='ltr'><strong><em>αὐτῶν,</em></strong></span> <span class='ocrx_word' id='word_1_226' title='bbox 465 3407 483 3477; x_wconf 86' lang='grc' dir='ltr'><strong>ὁ</strong></span> <span class='ocrx_word' id='word_1_227' title='bbox 507 3412 544 3476; x_wconf 73' lang='grc' dir='ltr'><strong><em>δὲ</em></strong></span> <span class='ocrx_word' id='word_1_228' title='bbox 564 3413 731 3493; x_wconf 77' lang='grc' dir='ltr'><strong><em>Σιδώνιος</em></strong></span> <span class='ocrx_word' id='word_1_229' title='bbox 752 3408 954 3498; x_wconf 76' lang='grc' dir='ltr'><strong><em>ἡθετηκέναι</em></strong></span> <span class='ocrx_word' id='word_1_230' title='bbox 974 3406 1036 3494; x_wconf 71' lang='grc' dir='ltr'><strong><em>μὲν</em></strong></span> <span class='ocrx_word' id='word_1_231' title='bbox 1058 3406 1096 3474; x_wconf 85' lang='grc' dir='ltr'><strong><em>τὸ</em></strong></span> <span class='ocrx_word' id='word_1_232' title='bbox 1119 3413 1255 3490; x_wconf 75' lang='grc' dir='ltr'><strong><em>πρῶτον</em></strong></span> 
     </span>
     <span class='ocr_line' id='line_1_31' title="bbox 144 3505 1254 3600; baseline -0.003 -24"><span class='ocrx_word' id='word_1_233' title='bbox 144 3511 249 3594; x_wconf 76' lang='grc' dir='ltr'><strong><em>φησίν</em></strong></span> <span class='ocrx_word' id='word_1_234' title='bbox 277 3507 391 3578; x_wconf 74' lang='grc' dir='ltr'><strong><em>αὐτῶν</em></strong></span> <span class='ocrx_word' id='word_1_235' title='bbox 422 3509 502 3591; x_wconf 83' lang='grc' dir='ltr'><strong><em>τούς</em></strong></span> <span class='ocrx_word' id='word_1_236' title='bbox 533 3508 719 3600; x_wconf 76' lang='grc' dir='ltr'><strong><em>ἀριθμούς,</em></strong></span> <span class='ocrx_word' id='word_1_237' title='bbox 750 3514 895 3599; x_wconf 78' lang='grc' dir='ltr'><strong><em>ὕστερον</em></strong></span> <span class='ocrx_word' id='word_1_238' title='bbox 922 3511 959 3577; x_wconf 75' lang='grc' dir='ltr'><strong><em>δὲ</em></strong></span> <span class='ocrx_word' id='word_1_239' title='bbox 981 3514 1148 3593; x_wconf 77' lang='grc' dir='ltr'><strong><em>περιελεῖν</em></strong></span> <span class='ocrx_word' id='word_1_240' title='bbox 1173 3505 1254 3583; x_wconf 78' lang='grc' dir='ltr'><strong><em>τούς</em></strong></span> 
     </span>
     <span class='ocr_line' id='line_1_32' title="bbox 145 3603 1253 3698; baseline -0.003 -24"><span class='ocrx_word' id='word_1_241' title='bbox 145 3606 304 3695; x_wconf 81' lang='grc' dir='ltr'><strong><em>ὀβελούς,</em></strong></span> <span class='ocrx_word' id='word_1_242' title='bbox 341 3609 517 3696; x_wconf 84' lang='grc' dir='ltr'><strong><em>ποιητικὸν</em></strong></span> <span class='ocrx_word' id='word_1_243' title='bbox 539 3619 739 3698; x_wconf 88' lang='grc' dir='ltr'><strong><em>νομίσαντας</em></strong></span> <span class='ocrx_word' id='word_1_244' title='bbox 761 3612 798 3679; x_wconf 88' lang='grc' dir='ltr'><strong><em>τὸ</em></strong></span> <span class='ocrx_word' id='word_1_245' title='bbox 821 3617 964 3680; x_wconf 84' lang='grc' dir='ltr'><strong><em>τοιοῦτο.</em></strong></span> <span class='ocrx_word' id='word_1_246' title='bbox 1006 3604 1159 3691; x_wconf 82' lang='grc' dir='ltr'><strong><em>ὁμέντοι</em></strong></span> <span class='ocrx_word' id='word_1_247' title='bbox 1174 3603 1253 3691; x_wconf 89' lang='grc' dir='ltr'><strong><em>Ἀμ-</em></strong></span> 
     </span>
    </p>
   </div>
   <div class='ocr_carea' id='block_1_3' title="bbox 142 3701 1253 4100">
    <p class='ocr_par' dir='ltr' id='par_1_14' title="bbox 142 3701 1253 3998">
     <span class='ocr_line' id='line_1_33' title="bbox 143 3701 1253 3798; baseline -0.006 -22"><span class='ocrx_word' id='word_1_248' title='bbox 143 3706 269 3795; x_wconf 83' lang='grc' dir='ltr'><strong><em>μάνιος</em></strong></span> <span class='ocrx_word' id='word_1_249' title='bbox 298 3710 335 3775; x_wconf 79' lang='grc' dir='ltr'><strong><em>ἐν</em></strong></span> <span class='ocrx_word' id='word_1_250' title='bbox 367 3717 413 3798; x_wconf 74' lang='grc' dir='ltr'><strong><em>τῷ</em></strong></span> <span class='ocrx_word' id='word_1_251' title='bbox 442 3714 518 3796; x_wconf 83' lang='grc' dir='ltr'><strong><em>περὶ</em></strong></span> <span class='ocrx_word' id='word_1_252' title='bbox 550 3719 608 3798; x_wconf 82' lang='grc' dir='ltr'><strong><em>τῆς</em></strong></span> <span class='ocrx_word' id='word_1_253' title='bbox 637 3714 876 3797; x_wconf 77' lang='grc' dir='ltr'><strong><em>ἐπεκάοθείσης</em></strong></span> <span class='ocrx_word' id='word_1_254' title='bbox 904 3708 1120 3793; x_wconf 77' lang='grc' dir='ltr'><strong><em>διορθώσεως</em></strong></span> <span class='ocrx_word' id='word_1_255' title='bbox 1150 3701 1253 3771; x_wconf 76' lang='grc' dir='ltr'><strong><em>οὐδὲν</em></strong></span> 
     </span>
     <span class='ocr_line' id='line_1_34' title="bbox 143 3807 1251 3900; baseline -0.005 -22"><span class='ocrx_word' id='word_1_256' title='bbox 143 3813 277 3878; x_wconf 78' lang='grc' dir='ltr'><strong><em>τοιοῦτο</em></strong></span> <span class='ocrx_word' id='word_1_257' title='bbox 298 3810 398 3894; x_wconf 81' lang='grc' dir='ltr'><strong><em>λέγει.</em></strong></span> <span class='ocrx_word' id='word_1_258' title='bbox 416 3813 458 3877; x_wconf 92' lang='lat' dir='ltr'><strong>A.</strong></span> <span class='ocrx_word' id='word_1_259' title='bbox 472 3850 508 3860; x_wconf 91' lang='lat'><strong><em>—-</em></strong></span> <span class='ocrx_word' id='word_1_260' title='bbox 523 3813 663 3900; x_wconf 75' lang='lat' dir='ltr'>Reliqua</span> <span class='ocrx_word' id='word_1_261' title='bbox 683 3814 725 3877; x_wconf 82' lang='lat' dir='ltr'><strong><em>ab</em></strong></span> <span class='ocrx_word' id='word_1_262' title='bbox 736 3813 927 3877; x_wconf 82' lang='lat' dir='ltr'>Aristonico</span> <span class='ocrx_word' id='word_1_263' title='bbox 944 3818 1019 3874; x_wconf 79' lang='lat' dir='ltr'><strong>sunt</strong></span> <span class='ocrx_word' id='word_1_264' title='bbox 1037 3807 1193 3893; x_wconf 74' lang='lat' dir='ltr'>profecta,</span> <span class='ocrx_word' id='word_1_265' title='bbox 1215 3817 1251 3873; x_wconf 89' lang='lat' dir='ltr'><strong><em>ut</em></strong></span> 
     </span>
     <span class='ocr_line' id='line_1_35' title="bbox 142 3912 816 3998; baseline -0.004 -19"><span class='ocrx_word' id='word_1_266' title='bbox 142 3923 231 3980; x_wconf 85' lang='lat' dir='ltr'>recte</span> <span class='ocrx_word' id='word_1_267' title='bbox 251 3912 406 3979; x_wconf 79' lang='lat' dir='ltr'>observat</span> <span class='ocrx_word' id='word_1_268' title='bbox 427 3913 672 3979; x_wconf 78' lang='lat' dir='ltr'><strong>Friedloender.</strong></span> <span class='ocrx_word' id='word_1_269' title='bbox 690 3936 723 3998; x_wconf 90' lang='lat' dir='ltr'><strong>p.</strong></span> <span class='ocrx_word' id='word_1_270' title='bbox 745 3915 816 3976; x_wconf 92' lang='grc'><strong>295.</strong></span> 
     </span>
    </p>

    <p class='ocr_par' dir='ltr' id='par_1_15' title="bbox 228 4009 921 4100">
     <span class='ocr_line' id='line_1_36' title="bbox 228 4009 921 4100; baseline -0.003 -20"><span class='ocrx_word' id='word_1_271' title='bbox 228 4019 301 4080; x_wconf 90' lang='grc'><strong>376.</strong></span> <span class='ocrx_word' id='word_1_272' title='bbox 320 4009 529 4100; x_wconf 90' lang='grc' dir='ltr'><strong><em>Ἀρίσταρχος</em></strong></span> <span class='ocrx_word' id='word_1_273' title='bbox 550 4011 593 4079; x_wconf 86' lang='grc' dir='ltr'><strong><em>τό</em></strong></span> <span class='ocrx_word' id='word_1_274' title='bbox 614 4036 657 4079; x_wconf 86' lang='grc' dir='ltr'><strong><em>τε</em></strong></span> <span class='ocrx_word' id='word_1_275' title='bbox 679 4018 853 4078; x_wconf 87' lang='grc' dir='ltr'><strong><em>καίεται.</em></strong></span> <span class='ocrx_word' id='word_1_276' title='bbox 879 4013 921 4078; x_wconf 91' lang='lat' dir='ltr'><strong>A.</strong></span> 
     </span>
    </p>
   </div>
   <div class='ocr_carea' id='block_1_4' title="bbox 143 4106 1250 4402">
    <p class='ocr_par' dir='ltr' id='par_1_16' title="bbox 143 4106 1250 4402">
     <span class='ocr_line' id='line_1_37' title="bbox 226 4106 1250 4201; baseline -0.004 -19"><span class='ocrx_word' id='word_1_277' title='bbox 226 4121 300 4184; x_wconf 89' lang='grc'><strong>386.</strong></span> <span class='ocrx_word' id='word_1_278' title='bbox 323 4112 432 4197; x_wconf 77' lang='grc' dir='ltr'><strong><em>οὕτως</em></strong></span> <span class='ocrx_word' id='word_1_279' title='bbox 449 4106 781 4201; x_wconf 85' lang='grc' dir='ltr'><strong><em>εάτεἈρίσταρχος·</em></strong></span> <span class='ocrx_word' id='word_1_280' title='bbox 803 4111 1022 4180; x_wconf 79' lang='grc' dir='ltr'><strong><em>συνέσταλται</em></strong></span> <span class='ocrx_word' id='word_1_281' title='bbox 1042 4111 1080 4177; x_wconf 75' lang='grc' dir='ltr'><strong><em>δὲ</em></strong></span> <span class='ocrx_word' id='word_1_282' title='bbox 1103 4109 1140 4177; x_wconf 87' lang='grc' dir='ltr'><strong>τό</strong></span> <span class='ocrx_word' id='word_1_283' title='bbox 1158 4107 1250 4197; x_wconf 81' lang='grc' dir='ltr'><strong><em>ἠύτε,</em></strong></span> 
     </span>
     <span class='ocr_line' id='line_1_38' title="bbox 143 4208 1247 4304; baseline -0.006 -20"><span class='ocrx_word' id='word_1_284' title='bbox 143 4219 198 4285; x_wconf 79' lang='grc' dir='ltr'><strong><em>καὶ</em></strong></span> <span class='ocrx_word' id='word_1_285' title='bbox 219 4217 276 4286; x_wconf 80' lang='grc' dir='ltr'><strong><em>διά</em></strong></span> <span class='ocrx_word' id='word_1_286' title='bbox 296 4225 358 4286; x_wconf 86' lang='grc' dir='ltr'><strong><em>τοῦ</em></strong></span> <span class='ocrx_word' id='word_1_287' title='bbox 381 4243 397 4285; x_wconf 93' lang='grc' dir='ltr'><strong><em>ε</em></strong></span> <span class='ocrx_word' id='word_1_288' title='bbox 416 4224 553 4302; x_wconf 87' lang='grc' dir='ltr'><strong><em>είρηται.</em></strong></span> <span class='ocrx_word' id='word_1_289' title='bbox 575 4212 665 4302; x_wconf 83' lang='grc' dir='ltr'><strong><em>παρὰ</em></strong></span> <span class='ocrx_word' id='word_1_290' title='bbox 687 4214 724 4282; x_wconf 77' lang='grc' dir='ltr'><strong><em>δὲ</em></strong></span> <span class='ocrx_word' id='word_1_291' title='bbox 743 4211 976 4301; x_wconf 90' lang='grc' dir='ltr'><strong><em>Ἀριστοφάνει</em></strong></span> <span class='ocrx_word' id='word_1_292' title='bbox 998 4217 1052 4304; x_wconf 75' lang='grc' dir='ltr'><strong><em>τῷ</em></strong></span> <span class='ocrx_word' id='word_1_293' title='bbox 1076 4209 1109 4278; x_wconf 76' lang='grc' dir='ltr'><strong><em>δ’</em></strong></span> <span class='ocrx_word' id='word_1_294' title='bbox 1133 4208 1247 4280; x_wconf 74' lang='grc' dir='ltr'><strong><em>ὥστε.</em></strong></span> 
     </span>
     <span class='ocr_line' id='line_1_39' title="bbox 143 4304 1248 4402; baseline -0.001 -19"><span class='ocrx_word' id='word_1_295' title='bbox 143 4319 180 4384; x_wconf 75' lang='grc' dir='ltr'><strong><em>ἐν</em></strong></span> <span class='ocrx_word' id='word_1_296' title='bbox 200 4319 237 4386; x_wconf 75' lang='grc' dir='ltr'><strong><em>δὲ</em></strong></span> <span class='ocrx_word' id='word_1_297' title='bbox 256 4331 327 4400; x_wconf 70' lang='grc' dir='ltr'><strong><em>ταῖς</em></strong></span> <span class='ocrx_word' id='word_1_298' title='bbox 346 4316 412 4386; x_wconf 85' lang='grc' dir='ltr'><strong><em>άπό</em></strong></span> <span class='ocrx_word' id='word_1_299' title='bbox 434 4324 504 4385; x_wconf 79' lang='grc' dir='ltr'><strong><em>τῶν</em></strong></span> <span class='ocrx_word' id='word_1_300' title='bbox 526 4315 659 4386; x_wconf 83' lang='grc' dir='ltr'><strong><em>πόλεων</em></strong></span> <span class='ocrx_word' id='word_1_301' title='bbox 681 4323 763 4386; x_wconf 78' lang='grc' dir='ltr'><strong><em>τάν</em></strong></span> <span class='ocrx_word' id='word_1_302' title='bbox 785 4314 816 4386; x_wconf 76' lang='grc' dir='ltr'><strong><em>δ’</em></strong></span> <span class='ocrx_word' id='word_1_303' title='bbox 843 4309 953 4384; x_wconf 80' lang='grc' dir='ltr'><strong><em>αὖτε.</em></strong></span> <span class='ocrx_word' id='word_1_304' title='bbox 976 4317 1017 4382; x_wconf 93' lang='lat' dir='ltr'><strong>A.</strong></span> <span class='ocrx_word' id='word_1_305' title='bbox 1039 4304 1148 4395; x_wconf 79' lang='grc' dir='ltr'><strong><em>οὕτως</em></strong></span> <span class='ocrx_word' id='word_1_306' title='bbox 1164 4341 1248 4402; x_wconf 82' lang='grc' dir='ltr'><strong><em>γρα-</em></strong></span> 
     </span>
    </p>
   </div>
   <div class='ocr_carea' id='block_1_5' title="bbox 0 0 1486 5024">
    <p class='ocr_par' dir='ltr' id='par_1_17' title="bbox 0 0 1486 5024">
     <span class='ocr_line' id='line_1_40' title="bbox 0 0 1486 5024; baseline 0 5"><span class='ocrx_word' id='word_1_307' title='bbox 0 0 1486 5024; x_wconf 95' lang='lat' dir='ltr'><strong><em> </em></strong></span> 
     </span>
    </p>
   </div>
  </div>
 </body>
</html>
