2948 5024
235 448 294 509 148
658 441 863 502 —N—

315 617 383 675 115.
407 614 444 675 ἕν
467 627 531 674 τισι
554 613 623 672 των
646 602 897 691 ὑπομνημάτων
917 601 973 670 διά
994 607 1055 668 τοῦ
1082 602 1142 684 τέ,
1179 597 1357 667 ἀκεσταί

229 738 272 779 τε
294 709 370 780 ἀντὶ
391 714 453 776 τοῦ
476 705 648 775 ἀκεσταί
667 733 741 774 τοι.
763 714 804 774 A.

320 818 406 893 [144.
429 814 518 897 ῥεῖα
545 810 858 878 διελεύσεσθαι.
890 805 999 886 οὕτως
1012 803 1233 892 Ἀρίσταρχος,
1260 809 1295 872 οί
1314 805 1351 873 δὲ

240 918 323 1003 ῥεῖα
346 910 379 980 δ’
402 913 663 981 ἐλεύσεσθαι.
682 915 736 992 V.]

311 1020 328 1083 ‘?
350 1021 421 1082 166.
442 1014 632 1100 Ζηνόδοτος
652 1008 877 1100 [Ἀρίσταρχος
897 1015 951 1090 V.]
973 1012 1157 1096 ξυνίηξε.
1182 1016 1225 1079 A.

316 1121 386 1183 148.
412 1118 465 1183 Ab
489 1113 634 1202 ἠγνόησε
668 1157 698 1167 -
730 1113 881 1203 ἀποπέση
910 1116 1065 1181 videntur
1095 1115 1232 1202 Didymi
1265 1137 1349 1196 esse,

229 1223 393 1312 praesenti
425 1221 509 1283 enim
532 1220 633 1283 utitur
654 1220 874 1302 Aristonicus,
901 1218 944 1282 cf.
974 1239 1006 1281 v.
1039 1218 1109 1279 172.
1160 1216 1350 1280 Friedlaen-

229 1325 299 1390 der.
319 1347 351 1409 p.
369 1324 429 1386 216
452 1331 561 1384 tamen
584 1321 770 1386 Aristonico
787 1322 941 1387 vindieat.
1229 1321 1239 1333 ”

318 1426 388 1487 179.
412 1416 520 1498 οὕτως
541 1415 752 1507 Ἀρίσταρχος
771 1421 903 1505 ἑνικῶς,
929 1416 1025 1486 ἄλλοι
1041 1421 1077 1485 δὲ
1091 1421 1288 1503 κορυφῇς.
1305 1419 1347 1481 Α.

317 1530 388 1589 191.
419 1520 527 1602 οὕτως
561 1526 599 1589 αἱ
623 1519 840 1641 Ἀριστάρχου
873 1522 1010 1608 χρόος,
1040 1517 1086 1599 ὡς
1113 1517 1228 1602 λόχος
1264 1517 1349 1604 βού-

236 1634 327 1693 λεται
351 1625 387 1692 δε
426 1629 608 1712 διῃρῆσθαι
641 1621 703 1709 τὴν
734 1621 883 1691 εὐθεῖαν.
934 1621 1143 1707 [Ζηνόδοτος
1162 1619 1347 1706 δὲνράφει

230 1725 356 1813 χροός]
386 1730 428 1794 A.
472 1729 605 1793 Inclusa
629 1727 705 1792 vide
721 1750 763 1791 ne
782 1727 962 1791 Aristonici
983 1726 1057 1789 sint.

316 1833 402 1918 (198.
422 1825 531 1912 αἶγα·
557 1827 745 1913 Ζηνόδοτος
764 1851 886 1911 αιγε..
910 1827 966 1912 Β.)

317 1933 389 1996 222.
408 1926 619 2016 Ἀρίσταρχος
638 1926 719 2015 μετά
735 1933 796 1994 τοῦ
810 1954 841 2013 γ,
862 1934 940 1994 νυν
956 1922 988 2012 γ’
1006 1933 1151 2006 αἴτιος.
1174 1929 1215 1993 A.
1243 1923 1346 2010 [Ἀρι-

231 2032 403 2118 στοφάνης
424 2038 502 2098 νῦν
524 2029 556 2098 δ’
577 2041 723 2109 αίτιος.
745 2031 800 2114 V.]

316 2137 389 2199 225.
413 2129 521 2212 οὕτως
541 2131 597 2199 διὰ
618 2135 679 2199 τοῦ
701 2157 722 2196 ν
742 2128 946 2199 ἀνδύεται
967 2133 1005 2196 αἱ
1020 2126 1247 2213 Ἀριστάρχου.
1269 2130 1310 2193 A.

317 2239 390 2301 229.
421 2232 488 2301 ὅτε
515 2235 715 2327 μεθιεντα
746 2237 876 2319 ἴδηαι·
908 2232 1072 2318 γράφεται
1094 2232 1149 2297 καὶ
1175 2225 1247 2297 ὅθι
1274 2252 1346 2314 με-

231 2345 350 2427 θίησι
374 2335 533 2403 πόνοιο.
557 2341 598 2403 Α.

259 2443 386 2504 237.
408 2437 597 2523 Ζηνόδοτος
617 2438 684 2516 [καλ
704 2435 946 2523 Ἀριστοφάνης
968 2437 1021 2514 V.]
1044 2432 1281 2521 σνμφερτός
1303 2436 1345 2502 δὲ

334 2544 375 2608 Α.

232 2547 311 2630 βίη
315 2648 389 2708 245.
419 2644 516 2728 περὶ
540 2639 761 2726 στήθεσσι’
801 2641 991 2725 Ζηνόδοτος
1022 2643 1077 2707 καί
1104 2635 1347 2727 Ἀριστοφάνης

234 2746 298 2811 ἐπὶ
322 2742 538 2828 στήθεσσι.
562 2745 604 2807 A.

295 2910 298 2922 .
316 2851 389 2911 246.
414 2840 432 2911 ὁ
453 2844 642 2928 Ζηνόδοτος
665 2845 718 2910 καί
741 2840 758 2910 ὁ
779 2840 1021 2929 Ἀριστοφάνης
1041 2840 1117 2909 ἀντί
1134 2847 1194 2909 τοῦ
1215 2837 1348 2923 θερά-

233 2973 321 3014 πων
350 2945 419 3024 ἐΰς
438 2945 607 3032 γράφουσι
630 2948 752 3031 δουρὶ
771 2946 932 3026 κλυτός.
956 2949 996 3012 A.
1020 2947 1062 3011 cs.
1086 2945 1265 3013 Duentzer.
1286 2946 1346 3009 Ze-

233 3051 309 3115 nod.
333 3072 365 3134 p.
388 3054 419 3131 5,
445 3051 494 3112 19.

319 3153 391 3214 257.
414 3147 605 3233 Ζηνόδοτος
627 3151 907 3238 κατεηξαμεν,
930 3146 986 3216 διὰ
1003 3146 1039 3216 τό
1064 3150 1119 3215 καὶ
1140 3148 1177 3214 ἐν
1200 3158 1269 3227 τοῖς
1288 3150 1348 3232 ἔμ-

234 3260 387 3336 προσθεν
410 3252 501 3338 (166)
524 3244 736 3336 δξυνέηξε
763 3255 884 3336 λέγειν.
908 3257 961 3336 Α.,
986 3253 1049 3317 nisi
1072 3253 1136 3338 leg.
1155 3245 1349 3335 ἡδιπλη-

233 3353 385 3437 ἔχεσκον·
406 3346 439 3436 [ἡ
460 3351 497 3418 δὲ
515 3348 683 3437 ἀναφορά,
705 3348 756 3418 ὅτι
776 3353 965 3437 Ζηνόδοτος
986 3354 1067 3445 κτὲ)

318 3457 390 3520 287.
420 3448 529 3532 οὕτως
551 3453 607 3521 διά
630 3460 693 3521 τοῦ
713 3457 758 3538 γέ
778 3457 970 3542 συνδέσμου
993 3484 1026 3523 αι
1048 3453 1274 3539 Ἀριστάρχου.
1305 3456 1346 3519 A.

318 3559 390 3623 289.
432 3550 541 3634 οὕτως
567 3550 779 3642 Ἀρίσταρχος
803 3553 880 3623 οὐκ
916 3555 966 3625 άν
1002 3556 1058 3625 διὰ
1089 3562 1152 3624 τοῦ
1181 3582 1214 3641 α,
1246 3558 1283 3621 αἱ
1310 3553 1348 3622 δὲ

234 3657 344 3728 κοιναὶ
362 3681 410 3724 ον
432 3682 517 3723 κεν.
536 3662 579 3725 Α.

319 3762 391 3823 315.
421 3752 497 3824 κατ’
526 3761 600 3825 ἔνια
629 3784 698 3825 των
724 3754 975 3843 ὑπομνημάτων
1005 3759 1047 3826 οι
1066 3784 1137 3846 μιν
1156 3754 1261 3842 αδην
1280 3749 1347 3822 ἑά·

233 3878 376 3943 σονσι,
398 3885 417 3925 ο
402 3857 504 3926 “ion
527 3862 748 3944 κορὲσουσιυ,
771 3863 825 3925 καὶ
845 3861 898 3926 ἐπὶ
916 3867 978 3927 τοῦ
998 3865 1213 3938 Ποσειδῶνος
1232 3860 1311 3947 (od.
1333 3883 1347 3923 ε

233 3963 310 4041 290)
334 3955 420 4025 ἀλλ’
445 3965 506 4027 ἔτι
526 3963 600 4047 μέν
624 3967 694 4046 μίν
713 3987 816 4045 φημι
840 3957 946 4046 ἀδην
967 3964 1091 4030 ἐλάαν
1115 3961 1349 4045 κακότητος

232 4061 289 4126 δι’όι
310 4067 381 4126 τῶν
400 4059 464 4127 δύο
483 4058 531 4126 αα
554 4065 730 4147 παρέκειτο
753 4061 842 4128 ἐάαν.
866 4078 1030 4147 μαρτυρεῖ
1047 4065 1102 4131 καὶ
1124 4060 1161 4131 τό
1183 4059 1291 4128 (ἄσειν
1313 4064 1350 4127 ἐν

237 4167 338 4248 Τροίη
351 4162 475 4246 ταχέας
495 4163 612 4243 κόνας’
637 4167 693 4252 (11.
718 4172 747 4231 A
768 4165 862 4251 817)Ι
884 4161 992 4247 οὕτως
1013 4160 1246 4251 Ἀρίσταρχος·
1261 4166 1304 4230 A.

318 4265 390 4328 318.
412 4270 587 4331 κείνων·
610 4262 718 4344 οὕτως
742 4273 980 4348 πληθυντικῶς
1002 4269 1040 4332 αἰ
1054 4262 1280 4351 Ἀριστάρχου.
1305 4267 1347 4332 A.

314 4361 523 4450 Ἀρίσταρχος
541 4363 741 4450 ἀάπτους,
764 4362 861 4433 ἀλλοι
877 4368 914 4433 δὲ
935 4363 1127 4446 ἀάπτους.
1166 4371 1207 4436 Α.
