2962 5024
238 398 298 463 162
690 437 733 448 -
774 400 880 461 Ρ-

235 576 368 650 θισται,
394 560 477 631 ἀλλὰ
498 560 537 629 τό
558 559 739 647 ἀρσενικόν
759 561 884 646 μόνον,
901 561 953 627 διδ
978 557 1071 627 εἶπεν
1092 557 1259 651 άρσενικῷ
1281 558 1344 648 άρ-

235 677 311 755 θρφ
332 664 503 751 χρώμενος
525 653 570 753 (ᾦ
590 661 640 750 ῥά
662 687 704 728 τε
726 659 836 748 νήπι’
867 658 1050 748 άγοντι’,
1073 660 1149 747 οόχὶ
1171 653 1212 749 (ᾖ
1230 663 1280 749 ῥά
1302 689 1344 730 τε

236 762 348 852 νήπι’
378 764 567 853 άγοόση’.
612 761 630 830 ὁ
663 764 700 829 δὲ
718 760 909 848 Ἀντίμαχος
941 764 978 829 ἐκ
1006 764 1131 830 τούτου
1158 766 1344 849 πλανηθεὶς

236 864 333 958 ᾠήθη
348 869 404 935 καὶ
418 865 478 933 τὸν
490 863 614 952 άρσενα
629 876 895 950 σκυμναγισγείν.
911 867 924 949 Ι]
940 860 977 929 τό
992 866 1136 949 μέγεθος
1150 865 1187 930 δὲ
1199 872 1345 944 Αἴαντος

236 965 418 1053 ὑποφαίνει
439 966 461 1054 ἡ
481 966 665 1055 παραβολή.
688 969 729 1031 A.
763 968 900 1051 Recepit
921 966 1130 1033 Friedlaend.
1153 991 1185 1054 p.
1210 970 1271 1032 275
1297 971 1344 1031 in·

237 1080 287 1136 ter
308 1072 524 1155 Aristonicea,
547 1071 696 1158 quamvis
718 1069 857 1154 Didymi
881 1090 952 1132 esse
972 1068 1172 1132 viderentur.

318 1174 389 1238 139.
412 1167 588 1253 ἑστήκει·
615 1172 677 1247 ἔξω
698 1175 759 1235 τοῦ
780 1196 802 1235 ι.
825 1170 867 1234 A.

320 1277 390 1336 144.
414 1268 607 1347 σαώσεις·
630 1265 739 1348 οὕτως
757 1264 1101 1354 Ἀρίσταρχος,,άλλοι
1123 1269 1160 1333 δὲ
1180 1266 1344 1354 σαρίσης

234 1370 290 1440 διά
312 1376 373 1438 τοῦ
395 1396 425 1457 η.
448 1374 490 1438 A.
729 1397 731 1402 ’

318 1478 388 1539 149.
422 1471 479 1539 διὰ
499 1477 562 1538 τοῦ
594 1497 615 1538 ν
644 1468 736 1557 μεθ’
770 1467 928 1555 ὅμιλον.
972 1466 1063 1553 παρὰ
1094 1467 1131 1535 δὲ
1161 1468 1342 1558 Ζηνοδότφ

233 1570 327 1659 μεθ’
352 1569 512 1660 ὁμίλου.
531 1573 587 1639 καί
604 1571 708 1657 λόγον
731 1575 796 1657 ἔχει
817 1568 891 1638 άντὶ
912 1574 974 1637 τοῦ
998 1572 1059 1649 ἔξω
1082 1565 1211 1655 ὁμίλου.
1236 1574 1277 1636 A.

318 1681 388 1742 161.
410 1671 518 1754 οὕτως
537 1670 592 1741 διά
610 1678 672 1740 τοῦ
690 1700 712 1758 η
734 1670 929 1761 τεθνηοός.
957 1677 998 1739 A.

322 1782 393 1841 171.
417 1766 1339 1865 τόπόποι·παράΖηνοδότφιόπέπου,οόκακιδς.Α.

317 1880 387 1941 173.
409 1875 499 1962 παρά
521 1877 699 1965 Ζηνοδότφ
721 1881 799 1943 νῦν
821 1877 866 1942 δέ
886 1895 928 1942 σε
947 1879 1008 1955 ἔξω
1030 1880 1092 1942 τοῦ
1111 1900 1143 1940 υ.
1176 1876 1217 1939 A.

319 1978 389 2040 178.
411 1975 501 2063 ’παρά
518 1974 751 2063 Ἀριστοφάνει
768 1975 860 2044 τότε
883 1974 917 2044 δ’
938 1971 1072 2054 αὐτός.
1109 1978 1151 2040 Α.

317 2080 494 2144 202.·”-αί
506 2079 544 2144 δὲ
559 2074 775 2164 Ἀριστάρχου
790 2074 834 2157 δς
853 2078 901 2163 δή
922 2103 989 2144 τοι
1004 2071 1156 2161 σχεδδυ
1179 2072 1271 2141 εἱσι.
1296 2078 1339 2140 Α.

310 2182 383 2243 214.
412 2174 520 2258 οὕτως
534 2176 744 2265 Ἀρίσταρχος
772 2179 856 2246 κατὰ
888 2177 1043 2264 δοτικήν,
1075 2173 1170 2244 άλλοι
1196 2177 1232 2242 δὲ
1267 2201 1341 2261 με·

230 2278 422 2363 γαθύμου
455 2284 706 2365 Πηλείωνος.
751 2277 952 2369 [Ζηνόδοτος
970 2277 1216 2365 Πηληϊάδεω
1234 2275 1341 2361 Ἀχι-

229 2385 318 2464 λῆος.
338 2383 392 2463 7.]
426 2383 468 2447 A.

316 2486 389 2547 215.
413 2482 603 2568 Ζηνόδοτος
624 2479 818 2568 ὄτρυνεν.
838 2486 881 2549 A.

312 2587 384 2650 229.
408 2589 659 2652 τεθνειῶτα·
683 2582 739 2651 διὰ
760 2591 822 2651 τοῦ
840 2610 860 2669 η
881 2582 1099 2670 Ἀρίσταρχος.
1119 2587 1162 2650 Α.

312 2689 384 2751 213.
410 2690 523 2775 (τῶν
549 2684 759 2771 Ἀρίσταρχος
784 2685 867 2753 κατὰ
889 2684 1028 2770 δοτικήν
1048 2691 1119 2775 τῷ.)
1148 2683 1256 2763 οὕτως
1285 2691 1339 2774 τῷ

227 2781 439 2871 Ἀρίσταρχος
458 2785 541 2853 κατά
562 2784 710 2873 δοτικήν,
736 2793 783 2876 τῷ
805 2788 1028 2876 ἐρυσσαμένφ.
1053 2791 1095 2853 A.

310 2890 382 2952 234.
402 2890 568 2955 ἔλπετο·
596 2884 705 2965 οὕτως
728 2884 969 2973 Ἀριστοφάνης
994 2885 1049 2956 διά
1074 2893 1136 2954 τοῦ
1155 2913 1185 2954 ε·
1208 2886 1336 2973 γράφε-

226 3010 280 3050 ται
297 2987 352 3051 καί
371 2984 427 3052 διά
449 2993 564 3073 τοῦ-η.
587 2992 629 3054 Α.
656 2990 709 3054 Of.
732 2990 773 3054 V.

312 3089 384 3151 264.
407 3087 445 3153 ἐν
466 3092 507 3175 τῇ
528 3086 611 3154 κατά
627 3085 849 3175 Ἀριστοφάνη
870 3091 1062 3178 βεβράχη.
1084 3095 1126 3157 A.

307 3188 380 3251 268.
404 3191 686 3272 φραχθέντες·
706 3190 897 3276 Ζηνόδοτος
918 3186 1129 3272 ἀρθέντες.
1154 3195 1195 3257 A.
1220 3191 1271 3256 cf.
1292 3193 1332 3257 V.

307 3288 380 3351 270.
401 3282 612 3373 Ἀρίσταρχος
634 3287 690 3355 διά
714 3297 776 3357 τοῦ
799 3316 816 3357 ε
837 3294 1020 3376 ἔχθαιρε.
1064 3294 1196 3360 Abhinc
1216 3294 1335 3359 lacuna

133 3388 135 3391 ’
226 3388 261 3451 in
284 3388 357 3452 eod.
382 3390 423 3452 A.

721 3493 728 3516 ί

311 3487 396 3575 [292.
417 3488 625 3574 Ἀρίσταρχος
640 3493 673 3559 ίε
680 3519 704 3578 μ
733 3517 814 3557 νων
831 3491 886 3559 διά
902 3499 964 3561 τοῦ
978 3521 999 3560 ν
1012 3498 1259 3579 πληθυντικῶς.
1281 3498 1330 3583 7.]

312 3589 396 3677 [368.
430 3587 621 3675 Ζηνόδοτος
653 3518 728 3661 ἐπί
750 3592 921 3679 τόσσον,
953 3591 1196 3680 Ἀριστοφάνης
1224 3593 1335 3682 μάχη

222 3692 292 3754 ἔνι.
312 3691 365 3780 7.]

306 3792 391 3877 [392.
415 3790 601 3859 κυκλόσ”
632 3795 822 3882 Ζηνόδοτος
845 3797 1001 3886 κύκλῳ,
1029 3793 1239 3881 Ἀρίσταρχος
1258 3797 1333 3863 κό-

221 3896 332 3975 κλος,
354 3887 399 3971 ὡς
418 3890 566 3978 (πληθὺς
586 3893 783 3964 άπονίουτο’
808 3898 863 3964 καί
884 3898 937 3964 ἐπὶ
954 3896 1136 3964 Μενελάου
1155 3893 1279 3983 ὁμοίως
1294 3900 1332 3963 ἐν

220 3993 567 4083 &amm-m

308 4090 392 4178 [456.
411 4095 459 4175 μέ
465 4119 533 4172 νος
551 4091 616 4179 ήῦ·
641 4094 749 4177 οὕτως
761 4094 980 4186 Ἀρίσταρχος,
998 4099 1191 4185 Ζηνόδοτος
1205 4098 1242 4164 δὲ
1257 4100 1330 4183 με’-

219 4212 290 4267 νος
312 4196 580 4278 πολυθαρσὲς
604 4199 729 4282 ἐνῆκε
753 4199 809 4265 καί
827 4206 1051 4286 προστίθησιν
1072 4197 1187 4279 (αὐτὸς
1201 4195 1234 4265 δ’
1257 4195 1331 4266 Οὔ·

217 4289 391 4372 λυμπόνδε
412 4289 488 4377 μετ’
513 4292 712 4365 ἀθανάτοισι
735 4297 880 4385 βεβήκει.
906 4303 959 4389 7.]
