2964 5010
1214 405 1254 464 53

228 560 294 624 Sed
316 558 503 644 Hesychius
532 560 553 622 l.
577 559 598 622 l.
626 569 664 623 ut
684 562 874 625 sanissimus
893 565 951 645 sit,
983 585 1077 649 quem
1097 568 1254 654 deprava.-

142 664 304 728 tissimum
324 660 529 741 iudicamus,
557 682 598 724 ue
626 669 695 725 tum
723 663 854 748 quidem
875 663 1012 728 multum
1036 687 1095 730 nos
1116 671 1254 735 morabi-

142 774 206 827 tur.
251 762 350 845 Nam,
379 762 508 824 tametsi
529 761 700 848 probabile
723 764 780 845 sit,
806 765 841 828 id
864 765 952 850 quod
969 765 1126 851 diximus,
1149 770 1254 857 Lyco·

142 864 302 950 phroneus
324 862 500 928 verborum
522 862 758 949 explicationes
781 866 976 931 densissimo
998 869 1127 952 agmine
1146 873 1179 935 in
1195 873 1254 937 Di-

143 965 232 1051 dymi
254 965 383 1029 lexicon
406 975 554 1050 receptas
575 987 663 1049 esse,
684 968 744 1030 vix
764 977 800 1031 ut
821 967 963 1050 aliunde,
988 978 1145 1056 quotquot
1166 975 1253 1059 apud

141 1066 342 1154 Hesychium
356 1067 577 1149 inveniuntur,
595 1069 768 1153 irrepsisse
783 1069 967 1152 videantur,
984 1079 1094 1135 tamen
1106 1083 1254 1158 receptas

141 1189 213 1233 esse
236 1189 348 1232 omnes
367 1189 433 1232 non
453 1169 550 1233 modo
572 1170 680 1233 evinci
701 1191 767 1233 non
787 1171 916 1255 poterit,
937 1171 996 1235 sed
1016 1173 1113 1236 etiam
1129 1195 1167 1237 eo
1182 1175 1253 1260 ipso

139 1268 344 1352 refutabitur,
368 1268 455 1356 quod
476 1269 688 1333 inveniuntur
708 1270 894 1353 nonnullae,
917 1272 1115 1360 eaedemque
1136 1295 1253 1360 nempe

139 1371 341 1454 reiecticiae,
374 1391 457 1456 quae
486 1370 619 1456 quidem
641 1372 673 1434 in
697 1371 864 1457 Hesychio
887 1371 1025 1459 Didymi
1043 1376 1154 1461 copias
1176 1396 1251 1440 con·

138 1474 262 1537 tinente
296 1493 362 1536 non
395 1480 536 1536 exstant.
581 1472 697 1560 Itaque
728 1472 816 1537 nude
843 1483 880 1537 ut
906 1473 1028 1557 dicam,
1058 1498 1123 1540 non
1156 1487 1250 1560 tecte,

139 1575 217 1663 quid
247 1575 400 1656 sentiam,
426 1573 654 1638 Eratosthenis
678 1573 904 1659 Lycophronis
936 1573 1141 1660 Asclepiadis
1163 1579 1251 1665 Myr·

140 1675 226 1739 leani
248 1674 436 1739 Polemonis
459 1684 676 1761 quotcumque
695 1676 825 1738 nomine
851 1673 904 1738 vel
919 1676 1018 1739 tacito
1033 1675 1088 1739 vel
1103 1677 1252 1763 adposito

138 1777 225 1862 apud
245 1775 448 1861 Hesychium
474 1776 686 1839 inveniuntur
712 1777 995 1862 interpretationes
1016 1776 1206 1860 verborum,
1234 1803 1252 1844 e

137 1877 283 1969 Didymo
307 1877 370 1941 huc
387 1883 637 1962 promanarunt3
657 1874 810 1957 aliorum,
837 1897 921 1961 quae
942 1876 984 1940 ab
1007 1877 1173 1964 Hesychio
1195 1879 1250 1945 ab·

137 1986 227 2060 sunt,
250 1979 393 2042 omnium
424 1976 664 2041 multitudinem
687 1977 766 2041 satis
787 1977 928 2062 amplam
949 1979 977 2041 si
999 1977 1163 2065 Didymus
1185 2003 1250 2047 me-

135 2081 238 2143 moria
258 2078 412 2164 dignatus
434 2087 500 2158 est,
520 2078 554 2140 in
576 2075 735 2159 singulari
756 2079 862 2163 potius
884 2081 1125 2161 commentario,
1149 2101 1246 2166 quam

135 2182 170 2245 in
194 2180 300 2244 lexico
322 2180 446 2243 comico
467 2178 743 2242 commemoravit.
788 2175 993 2265 Quemquam
1014 2181 1049 2243 in
1069 2188 1162 2246 tanta
1184 2182 1249 2247 He-

138 2280 242 2368 sychii
263 2281 522 2346 testimoniorum
543 2280 680 2364 penuria
701 2278 826 2365 aliquid
846 2301 961 2365 sapere
982 2280 1117 2346 difficile
1140 2292 1199 2346 est.

221 2382 283 2446 His
312 2382 428 2445 evictis
453 2381 574 2444 rectius
602 2378 820 2444 iudicabimus
843 2380 885 2445 de
904 2381 1051 2467 Lycoph.
1070 2403 1122 2468 ap.
1147 2382 1248 2447 schol.

137 2485 195 2549 Ar.
220 2486 343 2570 Vespp.
365 2486 403 2547 91
442 2475 550 2546 odet
572 2477 811 2562 πασπάλην·
843 2476 919 2544 ἀντὶ
941 2484 1003 2546 τοῦ
1026 2477 1110 2545 odoi·
1129 2481 1247 2566 βραχύ.

136 2581 241 2669 πρός
257 2582 511 2668 Λυκόφρονα
533 2582 581 2665 δέ,
599 2576 651 2646 ὅτι
669 2575 868 2661 ἀδιορίστως
888 2576 1062 2646 ἀπέδωκεν
1077 2579 1249 2665 ἐλάχιστόν

137 2714 177 2753 τι.
215 2684 303 2764 τινὲς
323 2687 363 2751 δέ
382 2702 504 2770 φασιν,
529 2679 581 2748 ὅτι
603 2684 768 2766 μαγνίτην
790 2681 934 2764 κέγχρον
956 2679 1134 2764 πασπάλην
1154 2688 1247 2765 φασί.

138 2789 228 2876 (Ald.
258 2790 423 2871 μαγνῆτιν
453 2784 584 2869 πέτρον.
630 2782 721 2848 Nihil
752 2781 839 2869 quod
866 2782 929 2846 huc
957 2783 1057 2846 faciat
1082 2784 1193 2848 inveni
1216 2785 1250 2848 in

136 2890 195 2954 Ph.
222 2884 523 2954 Buttmanni'diss.
554 2888 678 2950 inserta
708 2905 820 2948 museo
848 2886 949 2972 antiq.
983 2887 1061 2950 1808
1091 2885 1157 2950 vol.
1186 2886 1248 2970 ΙΙ.)

135 2992 189 3056 Ι)ο
216 2990 460 3056 titivillitiorum
487 2985 782 3074 significationibus
808 2987 1008 3052 Graecorum
1034 2985 1246 3053 cl'Lobeek.

136 3091 301 3178 Aglaoph.
322 3091 357 3155 II
385 3094 475 3155 1332.
497 3090 537 3152 ln
559 3090 639 3154 Hes.
664 3088 698 3152 Π
719 3111 751 3174 p.
769 3090 830 3153 888
853 3086 928 3153 coll.
953 3087 1046 3154 Phot.
1071 3091 1143 3172 401,
1165 3094 1184 3153 9
1206 3085 1249 3156 ex

136 3195 187 3258 his
226 3191 498 3279 explicationibus
536 3191 607 3255 sola
640 3189 783 3273 κέγχρον
819 3190 889 3254 sinc
929 3188 996 3255 ullo
1027 3190 1248 3257 additamento

135 3305 280 3382 apparet.

222 3394 330 3461 Schol.
344 3395 403 3460 Ar.
415 3394 536 3481 Vespp.
560 3398 619 3459 103
643 3386 720 3457 όαό
738 3390 1248 3476 δορπηστοῦ·Λυκόφρων

136 3492 202 3562 ἀπὸ
225 3491 375 3580 ἀρίστου.
399 3497 434 3560 οί
450 3494 487 3560 dl
510 3490 606 3562 ἄλλοι
629 3492 752 3573 πάντες
765 3491 874 3574 δόρπα
890 3488 931 3558 τὰ
950 3496 1080 3559 δεῖπνα.
1101 3494 1245 3578 Hesych.

137 3623 163 3664 s.
176 3622 208 3664 v.
224 3594 371 3680 δόρπα·
396 3599 524 3662 δεῖπνα.
548 3593 795 3679 ὃόρπιστος·
817 3591 888 3677 ὥρα
910 3599 973 3660 τοῦ
993 3597 1143 3659 δείπνου.
1168 3593 1249 3658 Post

137 3697 315 3783 δόραιττος
335 3699 433 3763 focile
451 3698 603 3763 excidere
626 3708 755 3785 poterat
775 3694 925 3778 ἄριστον.

223 3802 330 3867 Schol.
352 3802 411 3866 Ar.
433 3800 564 3863 Thosm.
589 3804 648 3862 574
680 3795 731 3863 ὅτι
753 3798 807 3863 ἐπὶ
825 3798 1030 3881 γυναικείων
1051 3795 1184 3879 τριχῶν,
1204 3789 1249 3871 ὡς

135 3898 173 3968 τό
197 3899 296 3986 πολύ,
317 3902 373 3967 καί
395 3897 446 3967 ὅτι
469 3905 735 3982 παρετυμολογεῖ
753 3892 814 3962 τόν
833 3894 941 3961 πόκον
963 3888 1005 3959 οὐ
1023 3898 1143 3971 κακαῖς.
1168 3901 1249 3959 Λυ-

136 4000 309 4085 κόφρων
331 4002 368 4069 δὲ
387 3998 525 4077 ἁπλοῖς
546 3994 605 4076 τὰς
624 4001 746 4082 τρίχας.
781 3991 931 4081 epuloni]
953 3996 992 4062 δέ
1011 4019 1062 4072 τις
1082 3999 1247 4078 φαίνεται.

136 4104 191 4170 καὶ
225 4109 426 4190 πλοκαμίόες
458 4107 606 4179 σπανίως
640 4098 719 4166 ποτὲ
747 4100 800 4165 ἐπὶ
833 4093 958 4181 ἀνδρὸς
988 4099 1127 4181 λέγεται.
1167 4097 1247 4161 Hes.

134 4206 265 4272 11982.

218 4306 339 4372 Athen.
367 4307 420 4372 XI
449 4307 552 4371 4851)
594 4300 789 4394 Λυκόφρων
816 4300 851 4368 δὲ
881 4301 918 4367 ἐν
945 4305 991 4390 τῷ
1023 4296 1151 4389 ἐννότςο
1173 4298 1248 4382 περὶ
