2948 5024
171 353 185 376 ’
217 397 275 456 114

215 564 348 627 ταῦτα
367 555 595 644 λεγοίμεθα.
642 564 890 645 Καλλίστρατος
907 560 944 629 δὲ
967 563 1006 629 ἐν
1029 567 1076 654 τῶ
1096 589 1118 628 α
1137 565 1214 647 περὶ
1235 558 1336 630 Ἰλιά-

216 667 275 740 δος
307 655 416 740 οὕτως
447 662 666 747 προφέρεται·
701 666 845 749 μηκέτι
877 663 925 751 δή
956 671 1038 732 νῦν
1067 658 1171 732 αὖθι
1199 665 1336 750 λεγῶ-

217 774 337 851 μεθα.
382 765 437 832 καὶ
469 768 560 830 ἐστιν
588 758 762 852 εὐφραδής
788 772 935 852 μᾶλλον,
967 763 1043 836 ἀλλ’
1073 763 1137 834 οὐκ
1157 764 1336 852 Ἀριστάρ·

216 870 345 959 χ(ει)ος.
394 871 507 934 Ταῦτα
529 862 734 954 όΔίδυμος.
753 873 795 937 Α.
829 872 917 937 vid.
941 871 1115 959 Pluygers.
1138 894 1170 958 p.
1196 875 1245 935 11.

301 975 334 1038 Γ
352 974 391 1036 10
422 969 492 1036 Διά
519 973 582 1035 τοῦ
605 993 620 1035 ε
642 971 680 1036 αἱ
696 966 915 1056 Ἀριστάρχου
940 967 978 1038 τό
1009 962 1104 1039 εάτε
1125 971 1181 1039 καὶ
1200 969 1239 1038 τὰ
1263 971 1337 1039 ἑτέ-

217 1079 309 1157 ρωθί
327 1096 396 1139 που
417 1070 603 1158 λεγόμενον
625 1077 691 1162 (τῷ
712 1069 746 1139 δ’
770 1064 847 1141 εὖτε
867 1070 973 1159 πτερὰ
994 1077 1143 1159 γίνεται’
1173 1079 1223 1163 (Τ
1242 1077 1334 1158 386),

215 1171 291 1242 άντλ
309 1179 390 1241 τοῦ·
415 1169 461 1253 ῶς
482 1170 587 1257 πτερά
608 1174 736 1259 ἐγίνετο
755 1175 884 1260 ἐλαφρά
906 1173 946 1242 τά
968 1181 1031 1242 τοῦ
1043 1171 1231 1262 Ἡφαίστου
1246 1172 1336 1243 ὅπλα

144 1282 149 1290 ’
218 1283 265 1368 τῷ
285 1272 437 1363 Ἀχιλλεῖ.
474 1276 511 1342 έν
531 1277 635 1355 ἐνίαις
664 1278 700 1343 δέ
723 1281 791 1343 τῶν
814 1275 985 1345 ἐκδόσεων
1011 1283 1052 1366 τῇ
1073 1302 1109 1344 τε
1131 1282 1196 1364 Χία
1216 1278 1272 1343 καὶ
1294 1282 1336 1364 τῇ

217 1383 483 1467 Μασσαλιωτική
502 1387 560 1446 καί
571 1399 661 1446 τισιν
672 1374 788 1457 άλλαις
804 1378 841 1445 ἐκ
859 1376 1009 1464 πλήρους
1026 1380 1209 1464 έγέγραπτο
1233 1368 1336 1463 ἠότε

217 1478 319 1565 όρευς
339 1484 530 1569 κορυφήσι’
553 1476 643 1564 παρὰ
664 1479 702 1546 τό
723 1475 845 1559 εἰωθός
862 1475 1004 1570 Ὁμήρφ.
1038 1481 1075 1546 ἐκ
1095 1479 1249 1566 πλήρους
1269 1477 1336 1566 γάρ

217 1579 300 1670 παρ’
319 1583 441 1651 ἕκαστα
463 1581 609 1668 γράφειν
627 1578 762 1667 ὄρεος.
808 1584 884 1649 ficol
902 1579 939 1648 δὲ
957 1586 991 1647 οἳ
1012 1585 1067 1648 καὶ
1089 1581 1210 1665 ἑτέρως
1226 1576 1336 1648 άκοό-

218 1704 295 1752 ουσι
324 1682 361 1752 τὸ
384 1675 478 1752 εάτε
499 1680 574 1751 άντλ
595 1688 657 1750 τοῦ
678 1678 698 1750 ό
705 1708 763 1769 τε,
786 1682 942 1766 καθάπερ
965 1684 1020 1749 καὶ
1042 1684 1079 1750 ἐν
1100 1681 1215 1763 άλλοις
1239 1675 1336 1751 (εὖτε

217 1785 283 1874 γάρ
300 1783 413 1873 ήέλιος
429 1787 589 1873 φαέθων’
614 1788 669 1874 (ll.
682 1793 712 1853 A
726 1791 801 1870 735)
828 1787 885 1852 καὶ
909 1777 1000 1852 ἐὖτ’
1028 1782 1134 1872 ἀστήρ
1151 1783 1335 1872 ὑπερέσχε’

219 1891 297 1979 (Od.
317 1874 353 1956 'v
385 1892 453 1976 93).
510 1887 731 1974 Λαμβάνουσι
763 1885 801 1954 δὲ
832 1882 901 1954 ὑπὸ
934 1893 1015 1974 μίαν
1047 1885 1264 1975 περιγραφήν
1297 1884 1336 1953 τό

220 1989 313 2059 ὅλον.
348 1982 440 2057 ἐὖτ’
466 1987 563 2076 ὄρεος
585 1994 756 2078 κορυφῇσι
777 1989 877 2069 νότος
895 1993 1073 2074 κατέχευεν
1094 1989 1236 2078 ὁμίχλην
1258 2014 1338 2058 ποι-

219 2096 317 2181 μέσιν
337 2088 419 2160 οὔτε
439 2098 554 2178 φίλην,
573 2093 698 2179 κλέπτη
721 2093 760 2158 δι’
778 2116 813 2158 τε
837 2089 959 2171 νυκτὸς
981 2088 1118 2179 άμείνω,
1138 2092 1264 2159 τόσσον
1287 2100 1337 2172 τίς

219 2194 252 2264 τ’
277 2195 485 2281 ἐπιλεύσσει,
516 2190 600 2261 ὅσον
627 2194 680 2261 ἐπὶ
702 2200 788 2261 λᾶαν
814 2196 934 2279 ἴησιν.’
979 2190 1080 2262 ὁπότε
1103 2189 1243 2276 όνότος
1265 2209 1339 2276 ταῖς

219 2304 282 2366 τοῦ
306 2295 410 2384 ὄρους
431 2291 604 2383 ’κορυφαῖς
630 2299 786 2382 κατέχεεν
816 2291 956 2381 ὁμίχλην
990 2309 1059 2375 τοῖς
1091 2294 1155 2383 μέν
1179 2300 1339 2383 ποιμέσιν

220 2396 263 2468 οὐ
287 2404 459 2486 προσφιλῆ
480 2403 526 2489 τῷ
547 2398 585 2466 δὲ
604 2400 728 2486 κλέπτη
751 2393 876 2476 νυκτός
897 2401 1087 2483 κρείσσονα,
1108 2397 1183 2465 τότε
1204 2399 1258 2466 ἐπὶ
1278 2424 1338 2466 το·
1377 2456 1380 2469 .

218 2509 345 2571 σοῦτον
372 2502 518 2569 δύναταί
536 2527 585 2580 τις
607 2503 760 2586 βλέπειν,
790 2495 874 2567 όσον
900 2501 969 2566 ἐστὶ
996 2507 1099 2568 λίθου
1117 2508 1228 2589 ’βολῆς
1260 2503 1337 2570 διά-

221 2626 338 2694 στημα.
375 2601 535 2691 Ἀμεινον
557 2602 594 2671 δὲ
619 2601 657 2670 τό
680 2603 859 2688 πρότερον.
906 2606 961 2691 Τῷ
985 2600 1051 2688 γάρ
1073 2599 1211 2689 ῶσπερ
1232 2602 1338 2673 ἀντα-

219 2711 394 2776 ποδίδοται
423 2706 480 2774 τό·
519 2702 571 2786 ῶς
600 2702 677 2791 άρα
711 2711 792 2772 τῶν
824 2701 905 2771 ὑπὸ
939 2706 1063 2772 ποσσὶ
1099 2713 1338 2788 κονίσαλος.

225 2815 338 2878 Ταῦτα
360 2805 379 2877 6
401 2813 563 2896 Δίδυμος.
586 2813 628 2876 Α.

305 2920 382 2980 271
403 2909 615 2998 Ἀρίσταρχος
630 2914 889 2996 τεθνηῶτας,
909 2905 1196 2994 ὁδέΖηνόδοτος·
1223 2915 1340 2996 Τρῶ-

222 3009 506 3100 ωνάμπέδιον
527 3011 769 3099 συλήσομεν
790 3015 909 3078 ἔντεα
927 3019 1098 3094 νεκρῶν.
1132 3008 1341 3100 Ἀθηνοκλέ-

222 3141 284 3196 ους
310 3118 347 3184 δὲ
375 3115 413 3181 ἐν
438 3119 485 3204 τῶ
514 3116 589 3198 περὶ
604 3110 754 3199 Ὁμήρου
786 3112 1097 3198 παρατηρήσαντας,
1126 3113 1178 3181 ὅτι
1205 3125 1252 3206 τῷ
1275 3121 1340 3204 μὲν

223 3217 358 3307 καμάτῳ
377 3218 433 3282 καὶ
454 3213 577 3283 ἑαυτὸν
601 3212 619 3281 6
641 3216 781 3300 Νέστωρ
803 3213 1006 3301 ὑποβάλλει,
1032 3218 1140 3302 λέγων
1161 3225 1341 3286 κτείνω-

222 3345 312 3407 μεν,
342 3317 379 3385 τό
407 3318 443 3384 δὲ
472 3319 591 3400 κέρδος
619 3318 709 3382 ίδιον
735 3329 877 3383 ποιεῖται
906 3322 976 3383 τῶν
999 3324 1213 3404 στρατιωτῶν
1233 3321 1272 3386 έν
1293 3326 1342 3412 τῷ

222 3420 448 3508 συλήσετε,
482 3415 500 3487 6
524 3425 643 3502 Χαῖρις
660 3414 842 3505 Ὁμηρικόν
862 3413 949 3485 εἶναί
968 3439 1052 3506 φησι
1074 3420 1137 3488 τόν
1155 3427 1214 3507 τής
1236 3422 1342 3508 ἑρμη-

225 3530 315 3604 νείας
345 3526 553 3608 χαρακτῆρα,
584 3517 630 3600 ῶς
662 3521 700 3587 ἐν
729 3521 863 3600 τούτοις
891 3518 1004 3589 (ἄλλοι
1035 3524 1098 3610 μέν
1119 3565 1162 3576 -
1180 3525 1340 3603 ἕκαστος’

223 3632 269 3717 (Ε
280 3629 374 3713 878)
397 3629 465 3693 ἔδει
485 3622 550 3709 γάρ
574 3625 766 3710 δίδμηνται,
789 3619 834 3703 ῶς
851 3628 1028 3691 πείθονται
1044 3619 1064 3710 ή
1081 3623 1263 3693 ἀνάπαλιν.
1286 3628 1341 3694 καὶ

224 3727 327 3796 πάλιν
351 3722 449 3794 ’ἄλλ’
471 3722 571 3811 ἄγεθ’
594 3767 638 3780 —·
657 3725 799 3804 πάντες’
823 3730 865 3814 (Β
880 3730 952 3813 139)
975 3732 1061 3794 (νῦν
1082 3728 1145 3814 μέν
1169 3769 1214 3782 —-
1237 3748 1343 3812 στρα-

223 3829 301 3897 τόν’
330 3833 380 3919 (Σ
399 3832 475 3916 298)
503 3829 559 3896 καὶ
581 3825 745 3913 άλλαχού·
792 3822 873 3893 οὐδὲ
892 3826 956 3912 γὰρ
979 3825 1089 3909 άλλως
1109 3826 1247 3916 άκμάζει
1272 3834 1345 3896 Νέ-

225 3951 325 4016 στωρ,
347 3926 423 3998 ἀλλ’
444 3927 510 3998 ὑπό
534 3930 778 4018 γήρως-ἔοικεν
798 3924 1027 4014 ἀπειρηκέναι.
1054 3935 1169 3997 Ταῦτα
1192 3928 1210 3996 6
1232 3935 1345 3999 Δίδυ-

224 4056 293 4119 μῡε-
339 4036 380 4100 Α·

310 4139 347 4200 Η
369 4138 427 4200 135
451 4131 522 4202 Φεά
545 4133 582 4199 δέ
601 4131 696 4211 πόλις
718 4136 777 4217 τῆς
790 4131 939 4215 Ἤλιδος,
962 4135 998 4198 oc
1015 4130 1052 4198 δὲ
1075 4138 1133 4218 τῆς
1155 4128 1345 4218 Ἀρκαδίας,

226 4231 307 4319 παρ’
331 4230 376 4320 ἢν
396 4231 415 4301 6
437 4231 607 4318 Ἰάρδανος
627 4237 687 4320 ῥεῖ.
728 4231 812 4302 ἀλλὰ
834 4234 890 4301 καὶ
911 4228 930 4318 ή
953 4234 1038 4302 Φειά
1061 4231 1344 4317 παραθαλάσσιός

226 4337 295 4402 ἐστι
316 4337 371 4403 καὶ
386 4332 556 4422 Ἰάρδανος
577 4331 639 4418 οὐχ
658 4331 776 4420 όρῶται
799 4334 946 4420 ποταμὸς
960 4330 1094 4403 αὐτόθι.
1115 4332 1258 4420 ἄμεινον
1275 4328 1345 4402 οάν
