2964 5010
222 347 263 409 36

223 506 318 575 εἶναι.
353 503 405 574 διὸ
429 508 484 572 καὶ
506 505 559 572 ἐπὶ
579 504 701 591 ταύτης
723 506 871 590 λέγεται·
911 509 1009 583 Naris
1029 504 1069 572 δέ
1088 528 1139 582 τις
1160 497 1339 586 άιιυπόρος

222 615 353 695 Σαμία,
384 604 443 686 ὑός
469 603 558 685 εἶδος
580 608 712 689 ἔχουσα.
757 607 878 699 Glossa
899 610 1041 695 pertinet
1062 607 1105 672 ad
1128 606 1256 672 Cratini
1277 605 1339 669 Ar·

223 715 399 780 chilochos.
446 712 498 778 Cf.
523 711 624 776 schol.
647 713 707 776 Ar.
729 712 805 776 Pac.
834 715 891 776 143
901 715 925 794 ¹)
949 721 981 776 et
1002 710 1099 775 Phot.
1122 713 1259 794 498,10,
1280 709 1339 774 ubi

221 839 281 904 pro
312 813 547 898 μίννόωναυσλ
576 814 752 899 legendum
779 814 909 881 videtur
930 819 1081 898 Σίμωνα.
1106 807 1175 878 ὑσὶ.
1211 797 1340 878 Nomen

222 921 341 1001 Σίμων
372 916 511 980 similem
535 916 803 1001 depravationem
836 938 1029 1002 perpessum
1061 923 1111 980 est
1139 936 1191 1001 ap.
1226 913 1339 979 Tzetz.

224 1018 308 1083 Chil.
337 1018 404 1082 VH
426 1020 496 1100 123,
518 1018 571 1081 cui
592 1040 652 1103 pro
675 1013 804 1101 Μιμάν
832 1040 947 1082 verum
969 1012 1089 1101 Σιμιόν
1112 1016 1255 1081 restituit
1277 1014 1341 1081 Lo·

222 1120 318 1186 beck.
339 1118 504 1206 Aglaoph.
532 1119 747 1185 Ι11199.-
768 1122 823 1184 An
851 1117 1072 1185 ἐπισκώπτων
1097 1115 1139 1183 τό
1164 1122 1339 1201 σίμωμα.

223 1216 321 1287 tet?
346 1220 524 1307 Compares
547 1221 671 1306 Bergk.
696 1222 737 1287 de
760 1223 831 1287 rell.
855 1244 937 1287 com.
960 1221 1030 1285 Att.
1051 1242 1083 1306 p.
1101 1221 1152 1302 28,
1168 1221 1208 1282 29
1230 1216 1340 1282 Naek.

223 1324 340 1390 Choer.
366 1346 401 1409 p.
422 1325 480 1387 158
508 1324 634 1389 Coraen
662 1325 705 1390 ad
727 1326 812 1390 Plut.
842 1323 961 1389 Pericl.
984 1322 1103 1388 XXVI
1131 1346 1163 1409 p.
1189 1324 1257 1402 187,
1279 1323 1337 1383 ’188

224 1426 277 1507 ed.
300 1427 378 1489 min.
394 1426 520 1490 Sinten.
534 1427 573 1491 R.
589 1426 762 1491 Stiehlium
785 1427 825 1491 de
838 1425 1027 1513 Lysimach.
1055 1427 1090 1489 in
1107 1422 1226 1489 Philol.
1250 1422 1299 1485 IV
1324 1424 1337 1482 1

224 1550 257 1614 p.
285 1530 356 1592 roe.

756 1667 805 1726 10.

236 1808 240 1817 ·
307 1779 387 1844 Hes.
417 1779 452 1843 II
480 1784 558 1845 1191
595 1780 878 1865 Σισύμβριον.
929 1781 1116 1864 Δίδυμος
1149 1773 1340 1845 άνθόλλιόν

222 1907 265 1946 τι.
312 1876 530 1963 Θεόφραστος
558 1879 594 1945 δὲ
621 1898 650 1944 o.
675 1880 847 1965 γηράσκον
869 1877 1099 1966 μεταβάλλειν.
1146 1880 1190 1945 οἱ
1208 1881 1228 1944 δ
1236 1875 1251 1943 l
1273 1875 1339 1945 άπό

117 2004 122 2009 ’
222 1980 399 2066 ἡδυόσμου
429 1979 537 2047 πλατδ
568 1984 796 2069 φυλοβῤούν.
848 1983 968 2048 Glossa
993 1991 1119 2070 spectat
1146 1983 1188 2047 ad
1211 1982 1340 2047 Cratini

223 2085 437 2149 Effeminatos
461 2083 538 2149 Ath.
563 2084 630 2149 XV
651 2088 713 2149 685
733 2084 771 2150 C.
817 2085 1035 2172 Theophrasti
1057 2085 1148 2151 loeus
1170 2095 1279 2151 exstat
1300 2084 1341 2150 de

224 2184 275 2249 od.
301 2194 380 2250 sect.
406 2186 544 2249 XXVII
565 2209 597 2273 p.
622 2191 694 2252 741.

755 2346 803 2406 11.
901 2373 904 2377 ·

308 2458 388 2523 Hes.
421 2457 456 2522 II
491 2459 571 2521 1212
612 2461 929 2541 Σκινθαρίζειν.
969 2451 1011 2540 [δ]
1048 2461 1133 2524 ἔνιοι
1170 2463 1338 2542 σκαρίζειν

225 2560 653 2644 (σκανθαριῖεινΙοαςουῐο.
662 2561 795 2625 Kuster.
809 2569 841 2624 et
851 2559 979 2624 Nauck.
994 2560 1340 2647 p.2240011.P011.1X

227 2666 286 2728 126
312 2686 344 2749 p.
370 2665 426 2726 391
449 2661 585 2749 beka).
614 2657 651 2726 τό
677 2657 741 2746 γάρ
769 2665 815 2748 τῷ
842 2661 932 2749 μέσῳ
960 2657 1022 2726 τόν
1045 2665 1200 2745 μυκτῆρα
1226 2667 1340 2728 παίειν
1431 2746 1438 2754 ἱ

223 2766 330 2849 δηλοῖ,
352 2758 397 2842 ὡς
419 2765 615 2846 Δίδυμος.
647 2764 717 2829 Cir.
740 2764 782 2827 fr.
805 2763 911 2828 Paris.
935 2768 966 2845 ἓ.
986 2765 1023 2828 18
1046 2764 1197 2844 Eustath.
1211 2765 1251 2830 Il.
1266 2768 1338 2848 861,

226 2872 274 2935 10.
294 2904 337 2917 -
357 2867 473 2952 Neque
502 2865 564 2929 hoc
587 2865 785 2930 vocabulum
808 2866 982 2952 quisquam
1008 2866 1171 2931 invidebit
1193 2868 1337 2932 comicis.

309 2968 425 3053 Itaque
452 2988 495 3030 ex
515 2965 565 3029 his
587 2967 702 3031 decem
727 2967 866 3052 glossis,
888 2990 968 3055 quas
992 2969 1137 3054 Didymo
1158 2990 1195 3033 se
1217 2969 1338 3034 debere

223 3070 395 3136 confitetur
410 3067 608 3154 Hesychius,
621 3071 765 3156 quinque
780 3069 907 3136 Cratini
919 3071 1095 3135 elocutioni
1111 3071 1338 3158 explanandae

224 3172 409 3236 inserviunt
441 3173 594 3254 βρίκελος
632 3169 792 3253 κόρσακις
822 3169 945 3255 τράγος
980 3171 1128 3256 ολσπάτη
1166 3169 1339 3256 Σαμιακός

223 3270 348 3354 τρόπος
385 3268 602 3357 σισύμβριον,
632 3294 699 3337 una
724 3275 777 3339 vel
807 3275 890 3339 duae
914 3270 1118 3351 Μοσσυνιιιά
1138 3277 1338 3358 μαζονομεῑα

224 3369 371 3456 ολσπάτη
391 3374 650 3459 interpretationi
668 3376 914 3463 Aristophanis:
937 3384 973 3440 ut
994 3375 1171 3441 hebetioris
1189 3374 1338 3461 prolecto

222 3475 348 3560 ingenii
375 3477 417 3539 sit
445 3498 567 3561 negare
595 3478 698 3561 velle,
722 3478 860 3566 Didymi
883 3477 971 3555 λέξιν
993 3473 1145 3560 κωμικὴν
1167 3477 1209 3540 ab
1230 3477 1338 3564 Hesy-

222 3575 295 3640 chio
324 3576 437 3641 sedulo
465 3589 628 3643 versatam
656 3603 738 3646 esse.
783 3582 887 3646 Immo
903 3580 1040 3645 ulterius
1064 3581 1162 3644 etiarn
1183 3579 1338 3665 progredi

222 3677 344 3742 licebit.
390 3679 496 3744 Docet
526 3684 612 3746 enim
642 3685 792 3748 instituta
818 3684 976 3771 Hesychii
998 3705 1071 3748 cum
1100 3682 1195 3747 Phot.
1218 3685 1274 3763 68,
1299 3686 1338 3745 19

222 3779 341 3844 Athen.
366 3782 416 3845 XI
439 3786 494 3846 501
529 3785 630 3850 schol.
661 3787 720 3849 Ar.
752 3787 874 3872 Vespp.
901 3791 956 3849 151
989 3785 1083 3850 Phot.
1105 3789 1183 3866 507,
1209 3794 1220 3847 1
1250 3806 1337 3848 com-

221 3883 357 3966 paratio,
377 3905 416 3947 ea
435 3887 541 3968 etiarn,
559 3910 643 3973 quae
658 3911 749 3953 avv.
775 3887 1089 3973 βαλανειομφάλους
1111 3882 1339 3972 ἡμερόκαλλες

121 4011 128 4021 κ
223 3985 375 4063 Καπνίας
406 3988 526 4069 σέρφοι
558 3988 712 4073 leguntur
732 3996 873 4054 —sunt
892 4012 971 4078 vero
990 3990 1071 4054 haec
1094 3991 1267 4054 Cratineae
1289 3991 1337 4053 in·

266 4192 317 4284 .¹l
345 4185 470 4256 σωμικόν
493 4184 602 4255 τρόπος
625 4187 749 4258 τρόπων.
786 4199 818 4247 F.
846 4190 995 4262 Σαμιακόν
1018 4189 1121 4260 τρόπις
1146 4197 1201 4262 (vel
1218 4192 1338 4264 τροπός)

222 4289 340 4339 τροπον.
