2964 5010
229 368 271 428 22

230 531 359 621 μισπής.
403 527 443 598 τὰ
462 526 527 617 γὰρ
549 529 657 617 adnue
679 532 838 618 ἐπίχαλκοι
857 532 947 617 λέγει
965 534 1001 621 (1.
1024 573 1067 585 -
1090 534 1186 619 εισι).
1222 532 1347 599 Contra

231 637 439 718 Palmerium,
459 636 516 723 qui
535 628 614 718 ὄφις
625 634 727 714 σάκος
738 638 825 720 ἔχων
836 638 988 720 correxit,
1005 644 1038 701 et
1050 634 1246 719 Albertium,
1264 629 1347 718 ὅφιν

231 737 335 816 σάκος
355 739 473 822 ἔχοντα
495 738 703 825 suspicatum,
725 738 847 803 editam
865 738 1026 825 Hesychii
1048 736 1219 802 lectionem
1236 745 1347 802 tuetur

231 840 433 907 Fritzschius
455 839 507 905 his
529 839 641 905 verbis
662 862 693 925 p.
717 843 757 904 46
788 839 911 904 ‘Immo
932 839 1144 904 Aristarchus
1175 839 1347 902 verissime

231 950 445 1032 perspexerat
469 936 733 1025 σαιιοδερμισπής
757 964 778 1006 a
800 940 961 1028 Sophocle
984 962 1043 1006 suo
1066 941 1132 1006 dici
1153 947 1346 1025 serpentem,

232 1046 325 1113 cuius
342 1045 452 1129 imago
471 1045 507 1108 in
529 1064 655 1109 summo
678 1042 794 1130 clypeo
810 1064 968 1130 expressa
984 1043 1035 1126 sit,
1058 1042 1153 1129 quasi
1171 1039 1347 1105 vernacule

231 1147 379 1213 dieamus
408 1150 691 1223 ‘Scatldscalanqe‘
730 1145 804 1210 coll.
835 1145 955 1211 Aesch.
987 1144 1078 1232 Sept.
1107 1147 1194 1207 4952
1243 1141 1347 1227 Atqui

231 1249 294 1314 hoc
321 1248 350 1313 si
371 1246 529 1315 voluisset
553 1246 780 1330 Aristarchus,
808 1246 947 1311 dixisset
976 1248 1091 1335 opinor
1128 1240 1231 1320 σοίιος
1263 1237 1347 1324 ὄφιν

231 1351 310 1434 ἔχον
342 1351 513 1433 (σημεῖον)
546 1357 583 1413 ut
614 1348 721 1413 estin
748 1346 848 1413 schol.
879 1347 977 1414 Taur.
1006 1347 1087 1412 Eur.
1112 1345 1235 1411 Phoen.
1266 1346 1346 1408 1108

232 1452 298 1517 vol.
320 1451 401 1537 Vp.
421 1451 484 1513 232
500 1450 616 1515 Matth.
645 1457 784 1534 σημεῖον
805 1449 872 1533 ἔχει
892 1446 955 1531 γὰρ
978 1448 1016 1515 ἐν
1039 1453 1079 1534 τῇ
1100 1442 1224 1513 ἀσπίδι.
1272 1444 1345 1530 Ego

232 1550 320 1616 haud
341 1551 409 1616 scio
435 1573 477 1615 an
499 1552 562 1616 huc
582 1552 745 1639 pertineat
765 1550 831 1615 alia
851 1551 1012 1637 quaedam
1030 1547 1192 1636 Hesychii
1214 1545 1344 1631 glossa:

233 1655 471 1720 Είλυσπᾶσθαι
501 1650 538 1719 ri
567 1654 806 1736 παραπλησίως
832 1661 900 1729 τοῖς
929 1645 1083 1735 ὄφεσιν
1112 1647 1179 1716 καὶ
1208 1647 1286 1734 (leg.
1308 1641 1344 1734 ἢ)

233 1765 322 1833 τοῖς
345 1751 555 1839 σκώληξιν
575 1756 661 1821 ἰέναι
688 1752 731 1820 cf.
754 1752 835 1819 Hes.
855 1746 1084 1818 Ἰλυσπᾶσθαι.
1128 1748 1345 1816 Animadver-

232 1865 294 1939 tas,
314 1876 445 1943 quaeso,
467 1876 547 1942 prae
568 1857 686 1921 ceteris
708 1856 752 1920 ad
773 1853 855 1919 illud
874 1848 996 1938 ὄφεσιν
1011 1847 1033 1938 ἦ
1048 1848 1223 1936 σκώληξιν.
1256 1850 1347 1914 Fieri

234 1958 335 2043 igitur
357 1963 475 2043 potest,
492 1963 529 2019 ut
550 1956 632 2020 tales
651 1955 721 2022 fere
733 1955 903 2043 Sophoclis
926 1979 1041 2022 versus
1060 1953 1271 2021 Aristarchus
1288 1951 1347 2015 Di-

235 2058 417 2146 dymusque
444 2065 520 2121 ante
548 2057 659 2123 oculos
687 2057 878 2124 habuerint:
917 2052 962 2136 ὡς
983 2051 1276 2140 carnosissimis
1298 2076 1348 2130 τις

235 2155 484 2242 εἰλυσποίμενος
505 2169 538 2225 ct
556 2199 599 2211 —
620 2154 659 2239 ὃς
679 2161 857 2225 silvatico
884 2160 1075 2242 δερμησιοῦ
1096 2158 1205 2240 δίκην.
1249 2155 1347 2220 Nam-
1394 2182 1398 2186 ·

234 2284 298 2351 que
326 2261 448 2327 formas
477 2261 575 2326 etiam
600 2263 676 2328 has:
714 2255 962 2346 εἰλυσπώμενος
990 2269 1022 2326 et
1046 2262 1225 2326 εἰλυσπᾶιο
1249 2259 1348 2322 inter-

234 2371 381 2451 pretatur
416 2362 618 2449 Hesychius,
660 2386 755 2451 quem
791 2362 832 2427 de
864 2360 994 2439 οίλύϊος
1024 2349 1152 2450 quoquc
1183 2357 1346 2426 consulas.

236 2464 334 2546 Quod
356 2466 384 2531 si
401 2462 615 2554 probabiliter
636 2466 849 2549 conieeimus,
879 2462 1150 2548 σακοδιομηστής
1170 2464 1257 2529 idem
1278 2462 1348 2526 sere

235 2566 357 2632 animal
385 2564 578 2650 intellegere
605 2564 762 2631 debemus
791 2575 889 2655 atque
910 2560 1112 2651 δερμησιής,
1146 2567 1347 2631 etinearum

235 2691 371 2755 genere,
404 2689 488 2757 quae
514 2666 617 2732 hirtos
646 2675 836 2754 setososque
861 2666 965 2754 pelles
994 2667 1158 2733 roderent.
1201 2666 1349 2732 Videsne

236 2792 320 2857 quae
346 2771 478 2836 tandem
508 2791 625 2836 caussa
651 2768 935 2855 grammaticorum
963 2767 1060 2833 facile
1086 2770 1292 2836 doctissimos
1313 2769 1348 2831 in

234 2882 302 2938 tam
330 2872 479 2937 diversas
506 2872 684 2936 sententias
711 2870 927 2936 distraxerit?
968 2869 1102 2958 Scilicet
1126 2895 1200 2938 cum
1222 2879 1349 2936 tantum

235 2974 475 3062 perspicerent,
502 2976 537 3038 in
565 2971 736 3059 Sophoclis
759 2971 792 3037 ll.
819 2993 873 3037 ce..
897 2972 938 3038 de
967 2972 1101 3038 animali
1120 2974 1261 3062 quodam
1283 2996 1349 3039 ser-

235 3097 364 3141 monem
392 3074 480 3157 inici,
499 3074 596 3162 quod,
619 3096 660 3139 ne
682 3073 880 3160 comparatio
901 3074 1010 3138 minus
1023 3082 1100 3161 apta
1117 3076 1280 3157 evaderet,
1303 3076 1350 3139 ita

237 3177 416 3263 fingeretur
436 3183 615 3262 oporteret,
637 3184 674 3241 ut
696 3185 728 3240 et
749 3176 874 3242 formae
896 3176 1060 3240 teretioris
1083 3186 1169 3243 esset
1191 3187 1223 3243 et
1244 3186 1349 3243 tortus

237 3277 382 3364 segniter
407 3278 514 3361 daret,
539 3278 751 3343 Aristarchus
773 3277 815 3341 de
833 3286 998 3364 serpente,
1020 3278 1184 3367 Didymus
1206 3281 1247 3345 de
1268 3279 1350 3344 lum-

237 3380 339 3463 brico,
356 3378 442 3445 Orus
458 3401 547 3463 vero,
562 3387 619 3444 aut
638 3380 666 3443 si
682 3379 761 3467 quid
776 3379 874 3444 video
888 3379 1023 3447 Cassius
1038 3381 1219 3468 Longinus,
1230 3384 1350 3449 utrius-

237 3504 301 3572 que
322 3481 509 3568 opinatione
523 3479 726 3568 posthabita,
753 3480 794 3545 de
815 3481 914 3546 tineis
936 3504 995 3548 suo
1015 3484 1152 3572 quisque
1171 3487 1242 3550 iure
1262 3487 1350 3570 cogi·

237 3584 330 3650 tavit.
376 3580 438 3646 Cui
459 3581 591 3669 quidem
611 3583 661 3646 rei
682 3585 920 3668 comparandae
942 3583 1118 3672 Sophocles
1140 3606 1231 3650 vocc.
1254 3588 1349 3670 δερμ.

238 3694 271 3750 et
285 3685 422 3750 σακκοδ.
445 3706 524 3750 usus
544 3685 597 3768 sit,
618 3683 707 3749 haud
728 3683 825 3750 facile
843 3685 1078 3753 enucleaveris.
1099 3686 1228 3753 Licebit
1241 3697 1352 3754 tamen

237 3787 376 3854 sortasse
393 3787 434 3853 de
457 3809 495 3853 eo
511 3787 673 3853 undarum
688 3789 818 3874 agmine
833 3789 988 3874 cogitare,
1003 3793 1100 3877 quod,
1122 3812 1197 3855 cum
1212 3790 1350 3856 lentiore

237 3890 415 3955 incrimine
435 3888 593 3974 fluitaret,
613 3890 733 3957 Aeoles
753 3887 945 3976 σκώληκας,
966 3893 1084 3980 reliqui
1107 3893 1228 3957 Graeci
1248 3897 1350 3958 πολο-

238 3987 369 4076 ιιύμοιοι
399 3990 605 4076 vocitabant3
641 3995 751 4081 itaque
782 3993 937 4059 vocabuli
966 3993 1261 4079 σοιιικοδερμησιής
1293 3995 1351 4082 (dc

176 4128 178 4133 v
237 4096 401 4182 geminato
420 4118 440 4159 ιι
462 4095 505 4159 ο1.
528 4094 665 4161 Lobeck
686 4097 849 4185 Aglaoph.
871 4100 948 4178 845)
970 4096 1152 4182 veriloquio
1173 4096 1271 4161 facile
1294 4121 1350 4163 ex-

237 4218 349 4280 cluso,
373 4198 448 4284 ‘qui
466 4197 587 4262 hirtum
608 4198 728 4283 pellem
747 4195 971 4281 σακκόσερμα,
995 4196 1160 4285 (similiter
1175 4198 1349 4265 formatum

240 4305 290 4365 est
305 4297 499 4385 Apollodori
515 4298 660 4388 Carystii
681 4320 733 4388 ap.
749 4300 832 4366 Poll.
848 4299 883 4366 X
907 4304 963 4368 161
982 4323 1015 4387 p.
1029 4304 1090 4366 413
1107 4300 1206 4368 Beklr
1226 4316 1352 4368 σακκο-
