2962 5018
1198 411 1259 474 277

150 568 280 633 starcho
299 569 434 653 eiusque
452 568 679 635 decessoribus
696 572 843 635 intimam
859 571 1114 638 familiaritatem
1135 588 1259 643 contra·

148 672 249 752 xerit,
283 669 395 756 ecquis
424 677 488 752 est,
521 672 577 756 qui
608 671 708 735 alium
742 673 775 734 in
813 672 956 734 animum
983 672 1135 760 inducat,
1162 701 1258 765 quam

147 770 344 855 Didymum,
369 792 465 856 quem
487 772 666 837 Aristonici
689 774 723 836 in
743 772 907 836 volumine
931 794 989 836 suo
1012 774 1052 838 de
1075 778 1258 845 Aristarchi

148 873 234 936 notis
270 873 391 936 criticis
417 873 650 958 comportando
679 873 803 937 fontem
831 871 933 936 fuisse
964 896 982 936 e
1012 876 1125 942 scholl.
1156 881 1196 945 Il.
1229 887 1258 947 Θ

148 976 209 1037 535
233 977 318 1038 086
342 982 477 1038 constat.
523 974 595 1038 Hoc
615 975 701 1037 enim
724 996 819 1037 nemo
840 975 987 1061 profecto
1012 979 1097 1042 serio
1127 991 1258 1046 conten·

148 1075 247 1157 derit,
270 1076 479 1161 interpretem
501 1075 663 1161 quendam
679 1075 849 1161 Euripidis
871 1076 1066 1142 deteriorem
1088 1080 1123 1143 id
1140 1084 1257 1168 egisse,

146 1185 182 1239 ut
208 1177 388 1240 Aristonici
413 1175 582 1240 volumina
616 1179 650 1240 in
680 1175 848 1264 Euripidis
877 1180 1109 1244 commentario
1143 1205 1257 1269 perpo-

145 1276 255 1342 liendo
277 1276 448 1342 adhiberet
480 1287 638 1364 notasque
670 1279 740 1364 ipse
763 1279 891 1341 demum
915 1279 1086 1344 adlineret.
1131 1282 1257 1348 Harum

145 1379 245 1463 igitur
267 1388 427 1461 notarum,
449 1401 587 1465 quarum
605 1377 719 1441 scholl.
731 1376 810 1439 Eur.
832 1380 987 1443 maiorem
1010 1382 1107 1445 etiam
1130 1385 1256 1469 copiam

146 1483 329 1563 continent,
357 1503 455 1568 quam
478 1479 592 1543 scholl.
617 1478 715 1565 Soph.
738 1478 854 1560 Laus,
882 1503 1051 1545 numerum
1078 1482 1166 1549 haud
1188 1487 1256 1550 exi·

145 1603 244 1665 guum
267 1580 495 1647 concumulare
518 1579 618 1662 lubet,
641 1581 729 1643 idem
750 1588 786 1642 ut
807 1602 1030 1666 assequamur,
1050 1586 1137 1671 quod
1161 1587 1255 1651 nobis

148 1684 246 1747 simili
269 1682 462 1748 collectione
489 1682 524 1743 in
547 1678 736 1767 Sophocleis
760 1679 892 1745 scholiis
914 1685 1040 1748 auctori
1063 1707 1122 1749 suo
1149 1687 1255 1751 vindi·

147 1785 260 1848 candis
281 1783 423 1849 assecuti
446 1802 518 1845 esse
541 1780 700 1845 videmur.

230 1886 318 1949 Med.
350 1887 409 1947 136
435 1885 654 1966 σεσημείωται
675 1876 713 1945 τὸ
737 1885 941 1964 γαμοῦσα.
986 1890 1048 1950 663
1071 1892 1209 1971 σεσημεί
1236 1927 1254 1937 -

144 2007 197 2048 ται
216 1986 264 2068 δέ,
286 1984 357 2049 ἐπεὶ
379 1981 416 2049 τὸ
439 1987 513 2049 dari
521 2007 569 2066 ρο
592 1976 752 2067 χρονικόν
776 1978 869 2048 εἶπεν
893 1986 1022 2073 (Lehrs.
1046 1989 1104 2052 Ar.
1126 2011 1158 2074 p.
1183 1994 1252 2053 140.

149 2088 234 2167 153).
265 2086 338 2151 Alc.
363 2088 424 2148 773
448 2079 501 2150 6ιό
525 2081 562 2148 τὸ
585 2109 620 2167 χ,
649 2079 701 2149 ὅτι
725 2089 885 2169 ποτῆρα
906 2081 1091 2170 ἀρσενικῶς
1115 2096 1252 2174 είρηται.

144 2186 224 2250 Ηεο.
244 2189 283 2250 29
307 2184 516 2263 διαύλοις·
539 2181 604 2251 ἀπὸ
618 2189 809 2269 μεταφορᾶς
832 2192 969 2271 είρηται,
992 2187 1075 2271 πρὸς
1097 2184 1117 2256 d
1139 2191 1194 2256 καί
1216 2189 1253 2258 τὸ

142 2285 262 2371 χπρός
284 2283 547 2373 τὴνβιαφοράν.
592 2291 654 2353 285
681 2291 884 2371 σημειωτέον
904 2291 958 2372 δέ,
985 2287 1037 2356 ὅτι
1060 2289 1120 2356 τὸν
1141 2292 1254 2376 φθό-

144 2413 222 2454 νον
242 2395 308 2454 νῦν
328 2391 380 2454 ἐπὶ
403 2395 466 2455 τοῦ
488 2388 607 2475 μώμου
625 2393 770 2471 τίθησιν.
817 2393 878 2453 320
901 2397 1152 2475 πρεσβῦται·
1175 2391 1212 2458 τὸ
1235 2420 1254 2478 χ

144 2488 230 2571 πρὸς
250 2486 313 2572 τὴν
334 2486 527 2573 συγκοπήν·
550 2486 774 2572 πρεσβύτεραι
790 2484 853 2572 γὰρ
870 2491 938 2553 ἔδει
953 2493 1059 2554 εἰπεῖν
1081 2492 1138 2577 (cf.
1154 2493 1252 2557 Hom.

144 2592 184 2656 Il.
210 2595 322 2657 0656
352 2588 503 2671 πρώτων.
535 2589 705 2672 πρωτέων.
736 2588 935 2674 προτέρων).
987 2596 1048 2655 365
1069 2596 1208 2674 σεσημεί
1235 2630 1254 2641 -

144 2718 197 2758 ται
218 2695 264 2775 δέ,
288 2687 341 2757 ὅτι
358 2689 421 2774 τὴν
441 2688 585 2774 θήλειαν
610 2687 738 2756 κάσιν
760 2690 926 2771 ἐποίησεν.
971 2691 1071 2777 Hipp.
1097 2697 1156 2755 170
1179 2694 1250 2758 VR.

144 2792 215 2859 τόν
238 2789 272 2859 θ’
297 2787 576 2875 ἐκκομίζουσ·
599 2794 699 2855 τοῦτο
711 2795 929 2872 σεσημείωται
945 2795 991 2878 τῷ
1009 2786 1252 2876 Ἀριστοφάνει,

143 2890 195 2960 ὅτι
229 2898 335 2959 καίτοι
364 2896 411 2980 τῷ
442 2889 666 2976 έκκυκλήματι
697 2889 868 2975 χρώμενος
904 2887 941 2955 τὸ
975 2891 1252 2975 έκκομίζουσα

144 2996 335 3077 προσέθηκε
358 2996 534 3076 περισσοῖς.
554 2995 612 3057 Or.
625 2995 662 3056 81
688 2989 831 3075 χιοὶζεται
853 2987 871 3056 ὁ
895 2996 1014 3075 στίχος.
1033 2997 1250 3077 σεσημείωται

143 3092 267 3179 γὰρτὸ
291 3091 398 3178 ὄνομα
418 3099 477 3177 τῆς
491 3089 633 3177 Ἑλένης,
657 3097 699 3159 cf.
724 3095 800 3158 Tro.
823 3097 896 3159 888.
940 3095 1099 3160 Androm.
1126 3099 1184 3160 106
1207 3096 1248 3186 [l]

143 3194 365 3280 χιλιόναυς
391 3197 437 3281 τῷ
464 3189 697 3283 ἀπηρτισμένην
726 3190 862 3282 ἀριθμῷ
886 3194 1056 3280 ἐχρήσατο.
1103 3197 1165 3262 είσλ
1187 3197 1251 3281 γὰρ

142 3300 179 3362 αί
204 3301 282 3382 νῆες
302 3292 434 3389 ,αροστῖ
479 3299 539 3361 594
570 3294 608 3361 τὸ
630 3321 665 3381 χ,
695 3291 746 3361 ὅτι
775 3301 919 3379 φίλιον
940 3290 961 3381 ἢ
984 3301 1088 3362 λείπει
1111 3296 1148 3362 τὸ
1172 3302 1249 3365 Δία.

143 3404 204 3465 607
227 3402 421 3482 τρωθείς·
443 3398 663 3482 σημειωτέον,
686 3392 738 3461 ὅτι
760 3401 940 3481 τρωθείς
970 3393 1078 3481 εἶπεν,
1106 3394 1148 3463 οὐ
1167 3404 1251 3483 βλη-

142 3504 216 3577 θείς
242 3500 372 3587 (Lehrs.
394 3500 452 3563 Ar.
476 3500 589 3586 p.78).
619 3498 769 3563 Rheslt
796 3521 815 3579 χ
839 3503 1046 3580 πυραίθει
1069 3496 1251 3580 στρατὸς

140 3594 385 3682 Ἀργόλαος·
415 3597 452 3662 τὰ
475 3623 510 3680 χ,
539 3595 592 3662 ὅτι
619 3598 793 3673 συνθέτως
820 3596 1106 3682 ἀναμιγνωσκεται
1125 3597 1180 3662 καί
1198 3593 1250 3664 ὅτι

143 3695 207 3763 οὐκ
233 3702 324 3763 ἔστιν
348 3693 538 3780 Εὐριπίδου
566 3693 584 3763 ὁ
608 3701 726 3779 στίχος.
771 3701 833 3762 256
859 3695 1161 3782 κακογάμβρον
1187 3695 1250 3764 οὐκ

143 3793 290 3881 ἀκριβῶς
319 3803 462 3881 είρηιιεν.
507 3792 548 3861 οὐ
570 3786 634 3879 μὰρ
653 3791 869 3879 Ἀγαμέμνων
898 3803 938 3884 τῇ
954 3794 1068 3884 Ἑλένη
1090 3796 1249 3882 γαμβρός.

143 3901 204 3962 424
227 3893 278 3963 ὅτι
300 3893 453 3962 νόστον
475 3893 588 3973 ἁπλοῖς
606 3892 669 3978 τὴν
691 3890 775 3960 ὁθόν
797 3895 851 3961 καλ
873 3894 934 3963 τὸν
956 3902 1066 3963 πλοῦν
1088 3902 1163 3983 ἔφη.
1190 3904 1250 3963 712

143 3996 471 4083 ψαφαρόχρουν·
495 3994 531 4063 td
556 4022 584 4080 χ,
604 3991 655 4060 ὅτι
677 3993 853 4082 φαλακρὸν
875 3993 979 4065 αὐτὸν
1003 3997 1104 4064 εἶπεν.
1126 4000 1248 4066 Phoen.

143 4102 184 4162 52
201 4101 288 4185 Aug.
316 4093 369 4163 ἐπ’
400 4095 515 4164 οὐδίνι
541 4109 645 4163 κεῖται
668 4093 705 4161 τὸ
726 4100 890 4164 ἔπαθλα
917 4092 1054 4188 ἦμόνιμ
1075 4104 1122 4189 τῷ
1142 4095 1250 4183 Εὐρι-

143 4202 232 4285 πίδη.
278 4205 317 4264 77
340 4203 445 4265 λείπει
472 4194 489 4264 ὁ
514 4202 590 4264 καί.
635 4203 692 4264 361
719 4200 870 4287 (Burocc.
891 4203 946 4284 74)
969 4196 1033 4265 οὐκ
1055 4196 1145 4284 οἶμαι
1166 4195 1250 4264 ταύ-

143 4295 202 4365 τὸν
222 4294 307 4367 εἶναι
329 4297 484 4388 τάρβος
506 4299 561 4366 καὶ
583 4297 716 4388 φόβον
731 4299 860 4392 (Lehrs.
872 4303 930 4366 Ar.
945 4324 977 4391 p.
995 4303 1062 4390 89).
1086 4305 1148 4367 973
1161 4302 1248 4395 Aug.
