2962 5024
1166 419 1228 480 249

118 585 204 676 ᾅδου
230 581 442 668 τετύπωκεν,
472 578 517 660 ῶς
539 580 676 649 καὶτὸν
699 579 852 649 Αύαίνου
872 586 972 648 λίθον
996 583 1139 647 ἔπλασεν
1161 577 1227 648 ἀπὸ

118 693 180 755 τού
202 684 403 755 αύαίνεσθαι
426 684 505 764 τούς
524 683 667 772 νεκρούς
689 684 744 750 καί
762 679 942 768 ἀλίβαντας
963 678 1059 748 εἶναι.
1082 689 1151 749 κτλ.

652 824 701 884 10.

205 946 277 1008 223.
314 937 458 1028 ὄρρον·
487 971 591 991 -ω-
612 942 860 1021 Καλλίστρατος
890 934 953 1022 τὴν
975 932 1089 1021 ὀσφύν
1114 939 1169 1005 καὶ
1191 937 1228 1007 τὸ

120 1043 214 1131 ἱερὸν
231 1041 366 1112 ὀστοῦν.
396 1046 587 1128 Δίδυμος
608 1037 670 1125 τὴν
693 1035 823 1124 τραμὴν
844 1037 1007 1127 (τράμιν),
1031 1035 1094 1124 οὐχ
1113 1037 1159 1119 ῶς
1181 1068 1231 1107 τι-

120 1172 176 1226 νες
196 1143 233 1213 τό
256 1145 384 1229 ἰσχύον.
430 1146 533 1209 ἔνθεν
556 1143 610 1209 καί
632 1138 669 1208 τὸ
699 1137 863 1227 ὀρρωδεῖν
884 1138 944 1206 τόυ
972 1137 1076 1228 ὄρρον
1099 1144 1230 1226 ἰδρούν.

112 1244 273 1333 Ὅμηρος·
307 1251 421 1313 ἰδιου
454 1240 505 1323 ῶς
536 1243 699 1329 ἐνόησα.
754 1248 853 1308 τοῦτο
884 1239 949 1326 γάρ
981 1243 1169 1328 πάσχουσιν
1200 1246 1235 1310 οἰ

120 1349 340 1435 φοβούμενοι.
386 1348 522 1413 Homeri
544 1348 634 1413 locus
663 1355 712 1411 est
723 1345 845 1431 Odyss.
872 1367 894 1408 v
915 1347 988 1428 204,
1012 1347 1054 1411 ad
1076 1369 1172 1434 quem
1187 1348 1230 1413 cf.

119 1451 219 1515 schol.
251 1450 432 1515 Herodiani
464 1450 492 1513 B
526 1472 559 1535 p.
589 1450 650 1511 525
683 1448 805 1511 Buttm.
851 1447 1003 1512 Ceterum
1040 1449 1108 1514 vid.
1144 1450 1233 1527 λέξιν

123 1549 275 1637 κωμικήν
296 1574 328 1638 p.
351 1557 402 1615 77.
649 1640 681 1699 Η

208 1758 280 1819 232.
303 1794 347 1805 -
367 1793 409 1801 -
431 1756 621 1838 Δίδυμος
639 1753 678 1820 δι’
698 1769 821 1837 φησιν·
840 1743 860 1834 ἢ
884 1747 936 1815 ὅτι
958 1753 1080 1835 κε’ρατα
1100 1753 1188 1836 ἔχει,
1212 1746 1233 1836 ἢ

121 1854 369 1940 κεροβάτης,
391 1846 465 1920 οἷον
486 1852 547 1939 τὴν
570 1854 670 1940 βάσιν
691 1857 775 1938 ἔχων
795 1858 983 1937 κερατίνην.
1031 1860 1124 1937 εἰπερ
1145 1855 1231 1920 ίστο-

121 1967 227 2039 ρεῖται
256 1953 296 2024 τά
319 1954 408 2022 κάτω
435 1955 562 2040 τράγου
584 1960 688 2042 ἔχειν,
718 1951 802 2021 ῶστε
825 1949 890 2020 ἀπὸ
913 1959 981 2020 τῶν
1002 1958 1118 2021 ποδῶν
1139 1979 1230 2039 κερο-

121 2057 233 2145 βάτης.
280 2059 356 2124 Vid.
377 2058 441 2124 lex.
466 2082 547 2124 com.
570 2082 602 2146 p.
627 2064 677 2123 77.

652 2196 701 2258 12.

207 2317 279 2377 716.
302 2309 500 2396 κυμάτων
522 2311 567 2376 ἐν
588 2308 807 2396 ἀγκάλαις·
830 2311 1022 2396 Δίδυμός
1044 2334 1127 2399 φησι
1143 2314 1233 2399 παρά

124 2411 160 2481 τὸ
184 2413 356 2498 Αἰσχύλου
380 2412 641 2501 (Archilochi?)·

288 2512 396 2600 ψυχάς
424 2516 555 2597 ἔχοντες
582 2510 741 2596 κυμάτων
768 2514 805 2578 ἰν
833 2507 1002 2597 ἀγκάλαις.

25 2659 44 2689 0
123 2619 216 2684 θέλει
249 2614 286 2683 δὲ
313 2620 419 2681 εἰπεῖν
448 2612 504 2679 καὶ
542 2620 646 2680 ταύτα
684 2609 779 2692 ὅντες
819 2616 856 2679 ἐν
887 2622 1023 2693 πολλοῖς
1049 2613 1232 2695 κινδύνοις.

125 2716 295 2804 ἐνεστήκει
322 2713 388 2802 γάρ
416 2710 435 2784 ὁ
457 2713 685 2796 Διονυσιακὰς
705 2714 857 2801 πόλεμος.

658 2856 707 2917 13.

210 2975 282 3036 788.
315 2975 546 3054 λυγισμῶν·
580 2976 731 3056 καμπῶν.
775 2969 940 3056 γράφεται
963 2974 999 3038 δὲ
1021 2980 1235 3061 λογισμῶν

124 3115 166 3126 —-
193 3113 236 3125 —
258 3075 461 3157 Δίδυμος
487 3074 523 3140 δὲ
554 3077 729 3157 λυγισμῶν
756 3067 822 3139 ἀπὸ
855 3078 924 3139 τῶν
953 3079 1147 3142 συνδέσεων
1174 3084 1236 3144 τού

124 3171 239 3259 λόγου.

653 3265 702 3326 14.

211 3381 283 3443 992.
314 3382 560 3462 Φορμίσιος·
597 3377 788 3464 Δίδυμός
816 3398 939 3466 φησιν,
973 3377 1025 3448 ὅτι
1054 3387 1237 3465 Φορμίσιος

125 3477 303 3563 δραστικὸς
331 3470 374 3563 ἦν
400 3479 456 3545 καί
483 3475 547 3563 τὴν
571 3478 681 3565 κόμην
702 3482 836 3565 τρέφων
866 3483 920 3548 καὶ
950 3480 1096 3569 φοβερὸς
1125 3485 1238 3547 δοκῶν

126 3578 223 3664 εἰναι,
252 3576 304 3646 διδ
334 3578 389 3644 καλ
409 3577 582 3660 Αἰσχύλου
611 3581 768 3666 μαθητήν
786 3600 891 3669 φησιν
911 3580 1016 3648 αύτόν
1035 3578 1129 3650 εἰναι.
1174 3588 1238 3668 βα-

127 3678 195 3756 θύς
225 3678 262 3744 δὲ
294 3670 338 3760 ἦν
370 3679 425 3743 καί
457 3682 569 3742 καθίει
598 3677 660 3744 τδν
694 3680 850 3763 πώγωνα.
897 3686 1103 3771 κωμῳδεῖται
1132 3679 1169 3748 δὲ
1192 3686 1238 3760 εἰς

128 3781 348 3861 δωροδοκίαν.
401 3777 453 3840 Of.
477 3778 542 3841 lex.
571 3799 653 3843 com.
676 3803 708 3866 p.
729 3784 779 3844 78.

660 3917 708 3978 15.

215 4036 276 4098 997
299 4033 424 4120 (1001).
452 4026 500 4095 ού
521 4036 618 4109 Χῖος
640 4027 744 4098 ἀλλά
763 4037 879 4108 Κῖος·
912 4025 964 4096 ὅτι
986 4032 1081 4097 δοκεῖ
1100 4053 1239 4120 προσγε·

128 4133 282 4219 γράφθαι
311 4136 352 4221 τῇ
384 4134 552 4220 πολιτείᾳ,
573 4126 745 4215 ’Ἅγνωνος
774 4127 880 4198 αύτὸν
912 4136 1161 4221 ποιησαμένου,
1194 4134 1240 4218 ῶς

129 4231 280 4314 Εὔπολις
304 4231 459 4301 Πόλεσιν.
481 4230 744 4321 Ἀρίσταρχος
765 4234 802 4301 δὲ
823 4230 868 4316 ῶς
885 4236 1117 4323 γεγραμμένου
1144 4242 1238 4326 Κῷος

126 4339 304 4421 ἐξηγεῖται,
334 4331 387 4404 ὅτι
419 4335 504 4422 πρὸς
525 4334 563 4402 τὰ
586 4340 682 4428 Κῷος
706 4334 860 4426 εἰσήγαγε
891 4335 928 4405 τό
951 4344 1041 4420 Χῖος.
1085 4336 1146 4405 τὸν
1170 4336 1234 4427 γάρ
