2964 5010
234 389 281 465 164

242 578 316 620 nem
338 556 494 642 sequitur,
514 557 632 641 partim
651 555 718 617 suis
734 554 874 640 pedibus
891 555 1003 619 nititur
1021 554 1175 619 Timaeus
1192 555 1258 621 lex.
1271 557 1356 623 Plst.

242 682 272 744 p.
298 660 357 722 165
378 678 410 719 n.
434 661 454 719 4
483 662 526 742 (p.
551 655 679 737 tm),
715 677 810 741 quem
830 664 1013 742 recoquunt
1033 665 1075 720 et.
1100 679 1142 719 m.
1165 661 1243 740 714,
1262 660 1303 724 26
1327 669 1359 724 et
1392 674 1393 683 ’

242 757 453 844 interpolator
475 756 632 821 Moeridis
654 781 686 844 p.
701 759 763 819 225
787 756 867 843 Lps.
880 789 921 815 r:
934 760 995 821 346
1016 756 1120 820 Piers.
1144 760 1232 839 (nem
1248 780 1268 821 a
1284 760 1356 824 eod.

243 858 343 923 Coisl.
372 880 499 946 pannus
528 857 645 940 abest).
691 857 746 921 Ex
771 858 836 922 alio
864 857 953 920 fonte
979 858 1037 921 sed
1058 857 1221 923 limosiore
1244 859 1358 925 hause-

242 969 318 1023 runt
341 969 383 1023 et.
406 983 460 1023 m..
475 963 546 1041 714,
567 961 607 1024 28
630 961 781 1040 Σίσυρνα
801 957 1004 1022 Baehmsnn.
1028 959 1166 1023 sneedd.
1190 959 1206 1022 I
1229 984 1261 1046 p.
1283 964 1357 1055 365,

242 1066 261 1124 4
285 1059 377 1125 Phet.
395 1064 467 1143 513,
492 1065 529 1123 17
554 1082 602 1146 sq.
627 1064 699 1142 513,
725 1064 773 1142 19,
796 1081 933 1146 quorum
954 1059 1099 1124 locorum
1120 1062 1208 1147 prior
1225 1062 1358 1126 luxatus

242 1183 280 1226 ee
310 1162 444 1226 mutilus
477 1162 618 1226 videtur.
675 1161 756 1225 Cum
784 1161 900 1225 Photie
933 1169 1043 1224 tamen
1075 1161 1238 1247 quadrant
1273 1184 1358 1249 quae

241 1268 435 1352 interpretes
454 1262 496 1326 sd
517 1262 654 1326 Theeer.
677 1262 709 1326 V
733 1266 771 1325 15
795 1287 827 1350 p.
852 1264 912 1326 884
945 1261 1068 1327 Kiessl.
1098 1273 1359 1328 commentantur

242 1369 315 1451 βαί
320 1389 393 1430 ταν
415 1404 451 1414 -
476 1360 648 1443 σισνρίνιύ
674 1386 803 1447 φαμεν,
836 1372 870 1427 et
894 1361 996 1427 schol.
1021 1364 1124 1429 Arist.
1150 1364 1272 1452 Vespp.
1295 1366 1357 1429 737

244 1465 454 1550 Σισύραν·
478 1463 602 1550 σισύρα
624 1470 771 1529 καλεῖται
789 1457 880 1545 παρὰ
902 1464 964 1545 μέν
983 1480 1072 1528 τισιν
1094 1459 1116 1548 ἡ
1138 1469 1235 1550 βαίτη
1260 1465 1358 1548 (male

242 1571 332 1655 vulg.
353 1567 486 1653 βαπτή).
511 1570 581 1633 ἔστι
599 1560 639 1632 δὲΙ
666 1562 884 1651 περιβόλαιον
909 1563 945 1630 ἐκ
968 1563 1145 1651 δερμάτων
1165 1567 1358 1652 συνεόβαμ-

241 1672 354 1757 μένων
377 1674 588 1757 προβατείων
609 1667 756 1753 ἐχόντων
780 1663 821 1733 τὰ
843 1669 925 1750 ἔρια.
950 1668 989 1731 οί
1005 1670 1025 1733 δ
1033 1666 1048 1732 ὲ
1064 1663 1362 1754 ἀκριβέστεροί

246 1790 375 1860 φασιν
398 1778 537 1855 χλαῖναν
565 1768 712 1838 παλαιὰν
735 1767 821 1836 εἶναι
844 1764 1000 1836 ἁπλοΐδα.
1032 1765 1095 1854 τὴν
1115 1764 1224 1854 αύτην
1246 1768 1358 1835 δὲκαὶ

243 1876 389 1958 σισύραν
417 1879 558 1940 καλοῦσι
589 1875 645 1939 καὶ
672 1877 849 1954 σίσυρναν.
901 1872 1077 1937 Praeterea
1109 1874 1143 1936 in
1172 1872 1272 1937 schol.
1298 1874 1357 1936 Ar.

243 1980 365 2065 Vespp.
397 1979 477 2041 1133
506 1977 615 2059 agitur
648 1976 689 2041 de
721 1977 846 2062 sisyra:
879 1971 1026 2057 σισύραν
1046 2013 1090 2023 -
1115 1976 1229 2056 χλανίς
1255 1982 1288 2038 et
1316 1973 1358 2037 ed

243 2081 349 2144 Renn.
373 2081 453 2142 1507
475 2075 632 2160 σισύρα
655 2080 792 2160 χλαίνης
815 2071 903 2153 εἶδος
924 2070 1096 2160 εὐτελοῦς,
1119 2067 1194 2140 οἷον
1216 2073 1359 2158 ἐξωμίδα

245 2174 266 2263 ἦ
284 2175 428 2269 διπλοΐδα
446 2173 469 2262 ἦ
487 2201 518 2242 τι
535 2182 703 2244 τοιοῦτον.
725 2177 781 2243 καὶ
801 2173 966 2262 ἀλλαχοῦ·
988 2168 1151 2263 χειμῶνος
1161 2172 1260 2254 ὄντος
1272 2186 1360 2260 τρεῖς

201 2317 202 2320 ¹
243 2281 385 2364 σισύρας
414 2275 579 2363 ἆφειλίτω
608 2281 710 2365 (Eeel.
734 2283 820 2365 421).
849 2276 939 2358 τινὲς
966 2279 1003 2346 δὲ
1026 2278 1159 2363 ἱμάτιον
1176 2275 1282 2362 τραχύ
1303 2279 1357 2344 καί

244 2382 351 2468 παχύ,
381 2380 600 2466 περιβόλαιον
620 2378 819 2465 ύχροικιιιόν
838 2378 1000 2448 δουλικὸν
1023 2377 1176 2448 παλαιόν.
1214 2376 1359 2464 ἦχιτύν

244 2487 452 2571 δερμάτινος.
478 2486 605 2571 ’Βορέη
625 2484 686 2568 [δὲ]
710 2485 870 2568 λέγουσιν
884 2480 985 2571 Ἡλίω
1005 2507 1040 2548 τε
1063 2477 1223 2566 τοιαύτην
1242 2485 1247 2570 Ι
1263 2479 1359 2566 Ἔριν

243 2587 403 2672 γενέσθω
433 2580 595 2668 ὁπότερος
619 2581 745 2669 ἀνδρὸς
770 2580 934 2669 ἀγροίκου
957 2585 963 2670 Ι
987 2579 1269 2666 Ὁδοιποροῦντος
1297 2580 1360 2667 τὴν

244 2688 388 2771 σισύραν
409 2687 564 2776 ἐνδύσῃ)
598 2684 616 2754 ὁ
639 2687 676 2754 δὲ
698 2691 781 2764 νοῦς
804 2694 874 2752 ιιιλ.
911 2682 1004 2770 Πρδς
1025 2681 1062 2749 δὲ
1085 2679 1147 2767 τὴν
1170 2685 1356 2769 διαφοράν·

245 2796 282 2855 ἔν
309 2808 375 2856 τισι
407 2790 463 2855 καὶ
492 2787 617 2875 σισύρα
642 2787 698 2855 καὶ
720 2792 865 2871 σίσυρνα
885 2789 922 2852 ἐκ
942 2789 1058 2865 τρίτου
1079 2779 1116 2849 τὸ
1140 2779 1239 2870 αύτό,
1269 2783 1359 2869 πλὴν

245 2888 297 2957 ὅτι
325 2887 346 2975 ἡ
374 2890 435 2976 μὲν
462 2888 585 2974 σισύρα
614 2891 710 2956 δοκεῖ
729 2892 826 2974 βαίτη
849 2884 934 2953 εἶναι
957 2886 993 2953 ἐκ
1016 2885 1191 2970 δερμάτων
1210 2890 1358 2970 αἰγείων,

128 3062 131 3067 ,
245 2988 265 3076 ἡ
294 2992 331 3058 δὲ
358 2999 475 3076 χλαῖνα
504 2988 571 3057 ἀπὸ
601 2993 711 3074 ἐρίων.
759 2992 981 3056 Adnotetione
1012 2989 1148 3073 dignum
1180 2999 1229 3054 est
1257 2988 1360 3055 verba

246 3098 381 3177 χλαίνης
397 3132 441 3144 —
457 3091 583 3178 ἐκδύση
602 3093 706 3157 omitti
726 3094 760 3157 in
783 3093 975 3159 Ravennste
994 3095 1078 3178 eod„
1101 3093 1156 3183 qui
1177 3086 1196 3157 ὁ
1219 3088 1256 3156 δὲ
1276 3093 1360 3168 νοῦς

245 3233 288 3243 —-
316 3194 411 3279 φέρει
442 3196 477 3260 in
501 3196 572 3260 fine
605 3193 721 3258 scholii
752 3196 860 3281 penit3
890 3197 923 3259 in
956 3197 1050 3262 codd.
1083 3197 1113 3263 V
1141 3203 1174 3260 et
1199 3197 1229 3257 Θ
1256 3193 1361 3258 omitti

245 3297 300 3361 καὶ
321 3290 468 3380 ἀλλαχοῦ
488 3335 532 3346 -
552 3291 688 3382 ἐκδύση.
729 3295 841 3361 Verba
863 3299 970 3384 Βορέη
990 3336 1034 3348 -
1053 3291 1180 3382 ἐκδύση
1199 3302 1275 3358 sunt
1296 3292 1360 3356 Ba·

244 3398 309 3464 brii
331 3397 412 3463 Feb.
436 3397 557 3462 XVIII
575 3421 608 3485 p.
634 3400 671 3462 12
693 3397 844 3480 Lsehm„
866 3399 922 3464 ubi
945 3400 1090 3465 Meinek.
1113 3400 1148 3463 in
1170 3419 1202 3460 v.
1226 3398 1245 3459 3
1269 3403 1302 3460 et
1322 3395 1358 3457 13

246 3497 355 3582 σύραν
377 3500 522 3565 seribere
544 3499 678 3566 mavult.
713 3500 861 3587 Apparet
882 3501 982 3585 igitur
1004 3501 1086 3566 haee
1104 3498 1217 3580 verba,
1240 3495 1359 3583 quibus

244 3603 375 3684 gemina
396 3601 520 3667 habent
539 3601 633 3667 Phot.
662 3605 740 3685 513,
771 3605 808 3664 19
830 3601 964 3668 Bsehm.
987 3604 1125 3670 aneedd.
1148 3600 1166 3666 Ι
1187 3622 1219 3686 p.
1243 3600 1316 3678 365,
1339 3601 1358 3660 4

245 3712 287 3766 et.
311 3725 353 3766 m.
382 3708 460 3786 714,
484 3706 540 3786 28,
568 3726 684 3769 reeens
706 3702 853 3769 scholion
875 3725 965 3787 esse,
994 3706 1181 3793 antiquiora
1201 3697 1360 3788 praebere

245 3804 316 3869 eod.
338 3806 455 3870 Venet.
479 3811 552 3889 474,
575 3807 803 3893 antiquissima
825 3806 1060 3889 Ravennatem,
1082 3807 1142 3872 sed
1162 3800 1278 3868 mutila
1299 3821 1360 3864 nee

244 3906 309 3969 nisi
331 3906 507 3972 verborum
524 3909 847 3974 Eratosthenieorum
870 3929 932 3995 ope
954 3906 1183 3972 emendabilis.
1207 3903 1361 3969 Forsitan

244 4009 414 4094 scripserit
439 4010 599 4096 interpres
621 4030 759 4095 graecus
786 4004 879 4092 Πρδς
900 4007 938 4075 δὲ
972 4008 1045 4094 (hoe
1068 4031 1101 4072 v.
1126 4007 1211 4072 msle
1231 4028 1294 4071 om.
1318 4004 1359 4068 R.

245 4111 285 4189 Θ,
301 4107 400 4172 habet
411 4108 465 4191 V.)
486 4106 549 4193 την
567 4107 752 4195 διαφοράν·
776 4112 846 4176 ἔστι
865 4115 1002 4190 σίσορος
1026 4111 1147 4192 (σίσος)
1166 4108 1221 4172 καί
1238 4102 1361 4189 σισύρα

245 4203 282 4272 τὸ
312 4202 394 4274 αύτὸ
423 4209 478 4273 καὶ
506 4214 650 4293 σίσυρνα
679 4212 715 4277 ἐκ
741 4216 874 4296 τρίτου,
902 4208 990 4294 πλὴν
1019 4205 1070 4275 ὅτι
1095 4203 1116 4293 ἡ
1145 4205 1208 4293 μὲν
1236 4204 1361 4289 σισύρα

245 4309 341 4372 δοκεῖ
355 4314 452 4394 βαίτη
476 4310 659 4396 (legebatur
679 4309 806 4397 βαπτής
827 4313 912 4378 male
932 4311 1049 4376 Dindf.
1069 4305 1191 4396 βαττη)
1216 4303 1301 4374 εἶναι
1324 4307 1361 4371 ἐιι
