2948 5024
224 447 282 507 146
675 448 886 508 —M-

307 613 379 675 218.
402 605 519 692 ὅρνις
539 601 660 695 ἦλθε·
684 610 785 696 χωρίς
806 614 864 694 τῆς
886 610 1081 694 προθέσεως
1100 612 1137 675 αί
1160 605 1334 695 Ἀριστάρ-

221 737 291 797 χου.
320 715 362 777 A.
394 711 505 796 [χωρίς
537 716 595 797 τῆς
621 714 638 778 ἐ
645 713 686 778 τί
707 716 743 779 αί
759 709 990 797 Ἀριστάρχου,
1013 712 1068 777 καὶ
1088 707 1244 792 Ἀττικαῖς
1266 713 1337 793 ἐξέ-
1362 763 1367 768 .

223 839 311 881 τεινε
333 810 370 880 τό
394 809 497 895 ὅρνις.
517 814 571 891 V.]
1001 812 1007 822 '
1282 825 1284 830 ’

310 918 383 979 231.
407 913 679 1000 Πουλυδάμα·
704 917 739 980 αί
757 911 976 1000 Ἀριστάρχου
997 913 1098 1000 χωρίς
1111 920 1175 982 τοῦ
1198 940 1228 994 ν,
1248 912 1340 999 παρά
1384 902 1394 940 ¹·

222 1011 284 1098 τὴν
309 1012 502 1099 άναλογίαν.
549 1017 739 1100 Ζηνόδοτος
771 1016 808 1082 δέ
828 1016 884 1082 καί
909 1014 1110 1102 Χαμαιλέων
1136 1012 1202 1082 σὺν
1231 1022 1278 1106 τῷ
1304 1042 1336 1083 ν.

221 1117 464 1202 Πονλνδάμαν.
486 1118 527 1183 A.

306 1221 379 1283 246.
395 1215 452 1284 ἐπ’
468 1214 681 1303 Ἀργείων·
700 1215 788 1301 παρὰ
804 1216 983 1305 Ζηνοδότφ
1001 1212 1063 1284 ὑπ’
1075 1216 1279 1304 Ἀργείων.
1293 1223 1336 1286 Α.

307 1323 379 1384 276.
404 1330 557 1397 νεῖκος·
587 1314 796 1406 Ἀρίσταρχος
817 1332 934 1396 νῖκος
955 1315 1023 1384 διά
1050 1325 1127 1385 τοῦ
1155 1347 1182 1386 ι·
1215 1322 1338 1407 βούλε-

222 1445 275 1485 ται
297 1417 361 1502 γάρ
385 1421 543 1503 λέγεσθαι
565 1425 623 1504 τῆς
645 1425 739 1505 νίκης
758 1418 820 1506 τὴν
841 1411 954 1505 ἧτταν.
978 1423 1020 1485 A.

304 1524 376 1586 277.
399 1527 659 1607 προβοῶντε·
682 1519 756 1589 κατ’
790 1527 861 1587 ἐνια
879 1526 947 1587 τείν
962 1517 1214 1606 ὑπομνημάτων
1234 1544 1338 1607 προ-

222 1621 392 1708 βαόντε,
421 1616 495 1690 οἷον
520 1627 761 1710 προβαίνοντες
787 1622 843 1688 καὶ
863 1619 1058 1707 ἀμείβοντες
1083 1620 1190 1689 τόπον
1213 1625 1249 1689 έκ
1278 1624 1338 1691 τό-

223 1748 301 1790 πον.
324 1727 424 1809 διχῶς
445 1716 518 1792 οὖν.
547 1728 588 1792 A.

306 1831 378 1892 281.
405 1830 601 1913 ἔμπεδον·
637 1823 746 1905 οὕτως
776 1830 813 1893 αί
833 1823 1049 1911 Ἀριστάρχου
1079 1829 1283 1911 ἐμπεδον·
1316 1823 1338 1913 ἡ

222 1931 259 1996 δὲ
284 1928 545 2015 Μασσαλιωτικὴ
566 1926 758 1995 ἄσπετον.
786 1929 830 1993 Α.
969 2010 971 2013 ¹

308 2034 380 2096 283.
404 2027 614 2115 Ἀρίσταρχος
635 2024 691 2095 διὰ
711 2033 774 2095 τοῦ
797 2053 838 2094 ου
861 2032 1088 2095 λωτοῦντα.
1107 2032 1149 2095 Α.
1172 2032 1215 2095 cf.
1238 2031 1309 2102 VL.

309 2136 381 2198 318.
405 2128 513 2210 οὕτως
531 2127 678 2209 άκλέες
700 2132 737 2195 αί
754 2128 970 2214 Ἀριστάρχου
994 2130 1100 2197 καλαί
1118 2133 1336 2216 χαριέστεραι.

223 2237 264 2302 Α.
288 2235 331 2299 of.
354 2257 462 2323 praec.
487 2233 588 2298 schol.

305 2339 378 2400 330.
397 2329 507 2412 οὕτως
525 2330 733 2417 Ἀρίσταρχος
751 2328 904 2418 άγοντε
925 2338 1057 2413 δυϊκῶς.
1077 2337 1120 2400 Α.

304 2440 376 2501 340.
408 2431 516 2514 οὕτως
548 2431 756 2519 Ἀρίσταρχος
788 2435 920 2515 πάσας
948 2433 1026 2520 γάρ
1055 2432 1251 2524 έπῴχατο.
1294 2438 1335 2501 A.

222 2539 397 2602 Praeterea
420 2539 487 2604 vid.
510 2537 633 2602 Friedl.
656 2539 801 2602 Ariston.
823 2564 855 2626 p.
876 2540 947 2602 211.

307 2641 419 2704 2348.
453 2640 489 2703 ἐκ
521 2638 672 2723 πλήρους
705 2635 766 2703 τόν
798 2636 991 2721 σύνδεσμον
1020 2638 1087 2704 καὶ
1108 2649 1223 2708 κεῖθι
1251 2636 1338 2721 Ἀρί-

222 2761 371 2826 σταρχος.
391 2743 432 2806 A.
457 2746 520 2824 [γρ.
544 2735 688 2805 κάκείβι.
712 2740 766 2815 V.]

307 2848 380 2908 350.
407 2841 463 2907 καὶ
480 2835 721 2924 Ἀριστοφάνης
740 2833 863 2922 ἡθέτει.
885 2841 927 2905 A.

306 2944 378 3006 382.
410 2936 518 3017 οὕτως
545 2941 582 3004 αί
606 2935 823 3023 Ἀριστάρχου
853 2941 907 3006 καί
936 2944 972 3007 αί
1003 2946 1149 3027 πλείους,
1183 2940 1337 3026 χείρεσ’

222 3040 521 3128 άμφοτέρησιν.
542 3040 579 3104 έν
601 3037 638 3104 δέ
659 3052 730 3119 ταῖς
752 3041 958 3125 κοινοτέραις
979 3047 1096 3127 χειρί
1114 3066 1160 3125 γε
1182 3046 1230 3128 τῇ
1251 3040 1336 3108 ἑτέ·

224 3168 271 3229 ρη
299 3146 318 3207 ἐ
323 3167 389 3226 χοι
411 3138 532 3226 ἀνήρ,
553 3135 637 3222 ὅπερ
660 3140 772 3207 ἐκλύει
793 3141 856 3225 τὴν
877 3141 975 3227 ίσχύν
997 3147 1059 3208 τοῦ
1079 3150 1233 3222 Λίαντος.
1256 3146 1298 3210 A.

306 3250 379 3309 404.
401 3238 509 3321 οὕτως
530 3237 606 3308 οὐδ
613 3238 629 3307 δ
651 3245 672 3307 δ
679 3241 720 3310 ιά
743 3242 820 3327 πρό
842 3245 879 3309 αλ
895 3240 1119 3330 Ἀριστάρχου,
1141 3239 1163 3329 ἡ
1183 3244 1219 3310 δέ
1239 3243 1338 3328 κοινὴ

222 3340 306 3429 ἡδὲ
325 3340 392 3411 διά
415 3342 503 3428 πρό.
526 3348 568 3410 A.

305 3452 378 3511 407.
400 3446 585 3512 ἐέλπετο·
609 3443 718 3526 οὕτως
739 3446 795 3514 διὰ
817 3452 924 3514 τουπ
947 3450 985 3514 αί
1005 3444 1239 3534 Ἀριστάρχου,
1264 3444 1339 3532 οὐχὶ

222 3547 258 3611 δὲ
277 3543 334 3612 διὰ
356 3551 418 3612 τοῦ
441 3550 461 3612 δ
483 3547 661 3614 ἐέλδετο.
684 3552 725 3614 A.

306 3651 380 3713 412.
402 3644 614 3735 Ἀρίσταρχος
635 3651 942 3736 ἐφαμαρτεττε,
969 3646 1064 3718 άλλοι
1085 3652 1123 3717 δὲ
1149 3651 1339 3735 ἐφομαρ-

222 3760 380 3836 τεῖτον,
403 3749 499 3819 ἄλλοι
518 3751 555 3819 δέ
576 3754 870 3837 ἐφομαρτεῖτε.
891 3755 932 3818 A.

303 3855 376 3917 421).
400 3849 508 3933 οὕτως
530 3855 747 3921 πέλασθεν
764 3849 882 3932 Ἰακως.
906 3854 948 3918 A.
970 3854 1022 3920 Of.
1044 3857 1077 3918 Κ
1098 3855 1170 3919 309.

302 3957 375 4018 423.
404 3950 619 4044 όλίγῳένλ
642 3952 775 4042 χαίρω·
812 3951 1002 4038 Ζηνόδοτος
1025 3950 1148 4041 ὀλίγη
1167 3954 1233 4021 ἐπλ
1254 3953 1338 4039 χοί·

223 4077 279 4140 ου·
303 4056 345 4118 Α·

305 4157 379 4219 428.
401 4150 496 4242 ότφ·
523 4154 715 4240 Ζηνόδοτος
740 4152 864 4245 ὅτεῳ,
891 4159 947 4224 καί
973 4157 1128 4242 ἐμφαίνει
1154 4152 1339 4241 Ὁμηρικόν

221 4261 420 4340 χαρακτῆρα.
444 4257 498 4321 καί
519 4256 583 4339 γάρ
604 4251 752 4340 ἀλλαχοῦ
773 4263 869 4342 φησί·
904 4264 950 4346 τῷ
980 4254 1066 4347 ὅτεφ
1088 4282 1124 4323 τε
1147 4253 1255 4341 πατὴρ
1280 4258 1339 4322 κε’-

221 4363 319 4420 λεται.
345 4362 381 4442 (β
403 4358 475 4441 114)
494 4356 535 4418 Α.
