2962 5024
1189 412 1250 475 227

138 595 243 660 φασιν
266 574 302 640 ἐκ
324 577 383 658 τῆς
396 577 532 652 Πυθίας
551 569 638 657 ὑπὲρ
659 571 720 638 τόν
740 571 868 639 πόντον
882 570 1085 658 διεκόμισεν.
1113 574 1249 643 ἐλθόντι

137 672 201 759 γάρ
231 670 322 762 αὐτῷ
351 679 397 753 είς
424 671 584 758 Δελφοὺς
610 675 664 740 καὶ
686 675 856 767 χρωμένῳ,
885 678 956 753 παῖς
983 670 1248 761 ἀποκαταστήσει

134 773 198 860 τὴν
220 776 352 861 φωνην,
375 782 612 861 παραλιποῦσα
632 772 668 842 τό
688 764 860 861 ἐρωτηθλν
881 772 1057 843 ἐκέλευσεν
1077 773 1168 865 αὐτῷ
1184 777 1249 844 πό-

135 883 190 943 λιν
212 881 335 956 κτίζειν
354 879 406 945 ἐπὶ
429 885 487 963 τῆς
503 877 642 965 Λιβύης.
668 883 826 945 τοιοῦτον
847 869 912 944 οὖν
933 880 1003 944 ἐστι
1023 876 1061 944 τό
1078 884 1248 962 εγλῶσσαν

137 980 211 1045 ἐπεί
222 998 306 1063 σφιν
321 978 522 1066 ἀπένεικεν,
545 981 615 1047 ἐπεὶ
633 977 694 1047 τὸν
715 977 866 1066 χρησμόν
881 978 1060 1065 διεκόμισε.
1084 979 1168 1046 κατά
1184 978 1248 1064 γάρ

136 1077 195 1146 τόν
224 1077 375 1167 χρησμὸν
403 1084 596 1169 διεβίβασεν
623 1079 726 1167 ὄχλον
758 1086 813 1148 καλ
843 1085 953 1149 ἔκτισε
981 1077 1045 1165 τήν
1074 1081 1247 1168 Κυρήνην.
1331 1155 1342 1180 ·

137 1185 266 1266 ἔφυγον
289 1183 326 1248 δὲ
347 1185 382 1248 oi
401 1183 534 1262 λίοντες
556 1182 766 1269 φοβηθέντες
787 1181 825 1249 τδ
850 1190 997 1269 πλῆθος,
1028 1179 1069 1249 οὐ
1092 1181 1154 1268 τὴν
1173 1209 1248 1269 φω·

135 1280 200 1367 νην
221 1287 283 1349 τοῦ
303 1284 442 1351 Βάττου.
465 1289 499 1352 οί
519 1284 556 1353 δὲ
574 1282 612 1352 τδ
636 1289 807 1369 ’γλῶσσαν
829 1293 912 1353 κτλ.’
952 1286 984 1351 V
998 1289 1048 1351 80.
1070 1286 1247 1352 καὶτοῦτο

135 1383 242 1473 ἑαυτῷ
271 1387 432 1474 συνᾴδων
463 1384 482 1452 δ
512 1391 700 1471 Δίδυμος
733 1383 840 1465 οὕτως
872 1383 1095 1454 άποδίδωσιν·
1131 1387 1203 1452 ἐπεὶ
1228 1383 1246 1451 ὁ

131 1483 303 1554 Ἀπόλλων
325 1491 465 1573 ἔχρησεν
485 1495 609 1558 οίκίσαι
630 1488 693 1574 τὴν
707 1490 882 1576 Κυρήνην,
905 1498 1009 1569 αίτιος
1031 1491 1163 1574 ἐγένετο
1185 1496 1247 1557 τοῦ

133 1602 257 1675 φυγεῖν
284 1590 364 1670 τοὺς
390 1599 510 1678 θῆρας.
555 1590 847 1677 οίκιζομένηςφάρ
870 1598 929 1677 τῆς
952 1589 1080 1670 πόλεως
1103 1594 1244 1677 ἔφυγον.

132 1688 306 1775 μενόντων
327 1695 363 1759 δὲ
386 1700 455 1760 τῶν
476 1700 610 1781 θηρίων
635 1690 699 1759 οὐκ
724 1687 767 1759 άυ
789 1690 919 1782 ᾠκίσθη
938 1690 959 1779 ἡ
981 1689 1134 1779 Κυρήνη.

218 1794 355 1882 Didymi
373 1799 673 1884 interpretationem
695 1797 830 1883 depellit
857 1797 1041 1862 Aristarchi
1066 1798 1246 1863 sententiae

134 1897 285 1962 addictus
307 1897 454 1962 Boeokh.
480 1898 567 1985 expl.
591 1897 686 1962 Pind.
710 1921 741 1984 p.
765 1900 838 1961 288.

660 2034 710 2095 27.

218 2150 326 2216 Sohol.
356 2149 453 2236 Pyth.
476 2175 496 2228 ς
519 2154 559 2216 35
593 2151 843 2214 Μεσσανίου
873 2146 916 2214 δὲ
949 2150 1168 2231 γέροντος·
1202 2191 1244 2202 —

134 2252 229 2315 δοκεῖ
245 2249 281 2315 δὲ
303 2255 348 2340 τῷ
365 2258 398 2317 Δ
404 2252 443 2315 ιδ
450 2250 537 2339 όμφ
560 2251 596 2315 ἐκ
619 2253 676 2331 τῆς
695 2253 926 2333 Τριφυλιακῆς
947 2249 1066 2316 Πάλον
1086 2247 1171 2317 εἶναι
1184 2248 1245 2317 τὸν

134 2353 305 2437 Νέστορα,
326 2354 412 2420 ἔνθα
433 2352 489 2418 καὶ
504 2347 681 2437 Ἀμαθόεις
702 2350 771 2416 ἐστὶ
790 2347 937 2435 ποταμός
960 2347 1041 2416 καθ’
1052 2347 1211 2437 Ὅμηρον.

220 2455 383 2520 ‘Pindaro
409 2456 528 2520 Nestor
555 2477 621 2518 non
649 2475 692 2517 ex
713 2452 925 2539 Triphyliaca
951 2452 1034 2538 Pylo
1063 2464 1128 2537 est,
1161 2477 1244 2541 quae

134 2556 269 2620 Homeri
292 2557 454 2621 sententia
474 2565 562 2620 reete
581 2553 720 2617 habetur
737 2573 757 2614 a
772 2551 932 2616 Strabone
948 2562 981 2616 et
996 2553 1141 2640 Didymo
1156 2557 1243 2640 apud

134 2657 234 2722 sohol.
263 2657 296 2721 h.
326 2657 348 2721 l.
379 2656 522 2720 Pindaro
551 2654 758 2720 consentiunt
788 2652 846 2716 alii
875 2662 908 2716 et
939 2654 974 2716 in
1005 2656 1046 2717 iis
1074 2655 1137 2740 ipsi
1168 2654 1242 2739 Pyli

133 2758 356 2822 Messeniaeae
386 2756 512 2821 incolae
540 2778 592 2843 ap.
618 2756 715 2820 Paus.
744 2753 797 2818 111
820 2755 870 2835 26,
894 2757 913 2817 6
946 2752 994 2817 IV
1017 2757 1057 2818 36
1080 2764 1112 2818 et
1130 2755 1242 2841 plures

132 2861 361 2946 antiquiorum,
384 2880 465 2944 quos
487 2861 634 2922 nominat
653 2855 802 2921 Mueller.
821 2853 973 2926 Orohom.
996 2877 1028 2940 p.
1053 2859 1125 2939 365,
1145 2857 1242 2919 etiam

133 2960 229 3025 Ovid.
249 2961 382 3024 Metam.
405 2959 476 3024 XII
498 2963 589 3024 5493
611 2956 758 3060 Boeokh.
783 2956 869 3042 expl.
889 2955 985 3021 Pind.
1009 2980 1041 3043 p.
1065 2958 1137 3021 299.

660 3093 711 3155 28.
735 3088 738 3093 ’

142 3204 147 3217 ’
218 3210 327 3275 Sohol.
348 3209 444 3298 Pyth.
461 3208 526 3273 VII
543 3213 562 3272 4
577 3232 609 3295 p.
627 3211 690 3275 392
723 3208 812 3291 ἐπεὶ
833 3213 924 3276 τίνα
943 3204 1060 3275 οίκον
1085 3210 1237 3300 [ναίων]

132 3304 414 3395 όνυμάξομαι·
436 3311 527 3387 ίδίως
551 3307 587 3374 δὲ
609 3306 647 3376 τό
670 3314 777 3376 ναίων
794 3316 1023 3396 παρείληπται.
1047 3307 1132 3378 ὅθεν
1154 3312 1241 3388 τινὲς

132 3410 302 3497 γράφουσι
326 3416 513 3478 ναίοντα.
535 3407 630 3478 άλλοι
653 3411 690 3478 δὲ
713 3412 905 3498 γράφουσιν
929 3409 1047 3479 οίκον
1065 3409 1097 3478 τ’
1117 3408 1239 3496 άίων,

132 3509 150 3577 ὅ
173 3514 264 3578 ἐστιν
286 3511 433 3597 άκούωυ,
453 3510 677 3598 ἀφαιροῦντες
696 3511 733 3580 τό
753 3540 788 3580 ν·
813 3514 920 3598 ἕτεροι
944 3511 980 3580 δὲ
1004 3511 1106 3578 πάλιν
1122 3511 1159 3576 τό
1179 3513 1241 3596 μὲν

132 3639 153 3678 ν
174 3620 325 3698 αίρουσι,
349 3612 409 3680 τόν
431 3616 468 3680 δὲ
487 3613 589 3681 τόνον
610 3613 700 3682 οὕτω
720 3617 967 3699 προφέρονται,
991 3608 1119 3697 αἰῶν’,
1151 3609 1197 3678 ἵν’
1220 3604 1242 3699 ᾗ

133 3711 324 3798 συναλοιφὴ
338 3710 421 3785 Ιάντλ
442 3720 505 3780 τοῦ
528 3719 642 3801 αίιόνι,
665 3709 740 3782 οἷον
760 3722 807 3803 τῷ
829 3721 926 3782 αίιόνι
948 3710 1173 3796 ὀνυμάξομαι,
1194 3718 1241 3801 τῷ

133 3818 231 3881 αίιόνι
248 3812 581 3900 παρακαταθήσομαι.
605 3812 673 3882 δδὲ
686 3818 875 3901 Δίδυμος
895 3810 1240 3901 (amanuensium,

132 3924 215 3983 mira
237 3918 396 4001 varietas5
422 3917 572 3982 fortassis
592 3917 657 4003 leg.
681 3918 833 4000 Δίδυμος
851 3910 1091 4001 Ἀπολλωνίου)
1114 3908 1243 3980 άπλοά-

121 4016 254 4104 ’στερον
276 4013 410 4084 άκοόει·
446 4013 547 4096 αάτδς
575 4013 640 4101 ἐγώ
662 4021 768 4083 ναίων
789 4017 827 4082 ἐν
848 4021 888 4103 τῇ
905 4010 1055 4099 Ἑλλάδι,
1083 4010 1158 4082 άντὶ
1179 4018 1242 4080 τοῦ

132 4124 246 4187 οίκιόν.
270 4124 345 4187 τίνα
367 4120 631 4205 ἐπιφανέστερον
653 4114 748 4186 οἶκον
768 4114 978 4203 όνυμάξομαι
1002 4113 1066 4183 οάκ
1088 4117 1120 4196 ἐξ
1139 4112 1241 4199 άκοῆς

133 4218 302 4306 άκηκοιός,
324 4217 400 4288 ἀλλ’
423 4215 526 4300 αάτδς
548 4219 613 4306 ἐγώ
636 4226 742 4286 ναίων
763 4222 800 4286 ἐν
819 4224 860 4307 τῇ
874 4215 1006 4284 Ἑλλάδι
1025 4222 1099 4284 τίνα
1121 4220 1241 4283 δυναί-

132 4344 199 4404 μην
220 4317 296 4388 άντ’
320 4319 423 4407 αὐτῆς
444 4323 712 4408 ἐπιφανεστέραν
733 4318 907 4407 ὀνομάσαι.
1034 4365 1036 4370 .

970 4421 1031 4481 15*
