2964 5010
1198 427 1258 501 631

131 603 211 663 1194
245 594 417 678 σισύρα·
451 590 488 659 vd
517 590 605 676 παχύ
634 591 765 676 ἱμάτιον
798 589 864 658 ἀπὸ
891 596 1027 675 αἰγείων
1052 590 1238 676 δερμάτων.

129 707 334 779 σίσυρνον
361 694 424 780 τὴν
449 695 616 779 σισύρνην
644 696 680 759 ol
706 689 789 758 κατὰ
809 692 942 777 Λιβύην
963 689 1000 758 sd
1025 692 1152 757 ἐκτῶν
1172 719 1240 760 κω-

131 805 216 867 δίων
235 795 446 886 ραπιόρενον
468 793 676 882 ἀμπεχόνιον
697 799 869 860 καλοῦσιν.
898 793 935 859 τὸ
957 789 1040 861 oded
1064 793 1120 859 καὶ
1142 795 1240 861 σισύ-

131 927 198 985 ραι.
218 906 263 967 σί
268 920 339 978 σος
358 901 413 967 καί
435 894 521 984 ader}
542 903 650 984 βαίτη.
675 900 709 963 oi
728 896 765 964 δὲ
789 893 878 976 εἶδός
896 922 928 962 τι
944 901 1078 980 χλαίνης
1100 893 1238 975 εὐτελές.

131 1000 228 1070 ἄλλοι
259 1008 381 1087 χιτῶνα
411 1006 539 1086 αἰγεῑον
570 999 777 1085 χειριδωτόν.
833 999 926 1080 Quae
958 1000 1028 1064 scre
1058 1001 1168 1064 omnia
1198 1002 1241 1066 ad

131 1106 378 1171 Eratosthenem
406 1105 555 1170 redeunt.
589 1104 752 1169 Ceterum
774 1103 900 1168 iuvabit
924 1102 983 1167 hos
1013 1101 1101 1166 locos
1129 1102 1240 1189 paulu-

129 1209 196 1272 lum
218 1208 403 1293 inspexisse
423 1207 617 1269 accuratius.
655 1204 705 1268 Ac
726 1202 890 1267 Dindorfii
913 1203 1045 1292 quidem
1067 1202 1148 1267 haec
1167 1212 1243 1267 sunt

128 1308 231 1373 verba
252 1307 318 1372 vol.
342 1307 390 1371 IV
410 1317 432 1372 t.
457 1306 510 1371 ΙΙΙ
532 1330 564 1393 p.
586 1310 646 1369 157
668 1306 689 1370 l.
714 1311 732 1368 7
769 1305 944 1370 ‘Ceterum
966 1327 1032 1368 non
1049 1305 1242 1390 intellegere

129 1432 181 1474 me
196 1410 311 1492 fateor,
335 1410 495 1496 quomodo
513 1409 723 1473 Eratostheni
744 1408 780 1471 in
797 1415 939 1470 mentem
958 1407 1071 1470 venire
1089 1407 1241 1494 potuerit,

128 1510 189 1575 hoc
213 1532 332 1576 nomen
363 1533 407 1575 sc.
439 1506 632 1592 ἅνδραχνον
652 1531 726 1573 curn
748 1507 814 1572 illis
834 1529 1037 1595 comparare,
1060 1508 1240 1595 dequibus

130 1611 182 1676 hic
204 1615 274 1697 agit
296 1611 501 1677 scholiasta)
536 1610 591 1675 Ad
609 1631 707 1696 quam
729 1608 919 1674 solvendam
943 1611 1165 1696 quaestionem
1184 1609 1242 1673 ali-

130 1723 292 1800 quatenus
313 1735 506 1800 responsum
528 1714 612 1777 sumi
633 1708 757 1797 poterit
772 1731 815 1774 ex
831 1709 1039 1796 Bernhardyi
1056 1709 1243 1775 Eratosthe-

130 1816 213 1878 nicis
233 1839 265 1901 p.
290 1817 351 1878 223
391 1815 480 1879 ‘Iam
510 1815 537 1877 si
557 1812 756 1901 perpendas,
781 1805 973 1894 ἅνδραχνον
994 1821 1026 1876 et
1051 1807 1243 1896 ἆνδρύχνην

131 1920 218 1981 inter
233 1938 269 1980 sc
281 1916 440 2002 componi,
454 1917 563 1980 statim
573 1914 737 1996 conficias,
749 1911 926 1978 accedente
937 1916 1128 2000 praesertim
1140 1914 1241 1979 schol.

131 2019 254 2105 Vespp.
269 2021 330 2082 737
351 2013 412 2101 τὴν
433 2011 539 2099 αὐτὴν
558 2013 596 2080 δὲ
609 2013 664 2080 καί
675 2012 821 2099 σισύραν
837 2021 977 2081 καλοῦσι
994 2016 1049 2080 καὶ
1064 2020 1241 2100 σίσυρναν,

130 2142 190 2206 pro
221 2121 322 2183 σίσον
352 2139 403 2206 ap.
436 2117 537 2181 schol.
571 2119 658 2182 Avv.
690 2121 873 2201 σίσυρναν,
907 2119 979 2182 vice
1014 2140 1112 2183 versa
1142 2123 1242 2182 σίσον
1351 2195 1356 2214 1

131 2222 250 2286 deinde
272 2220 325 2284 hic
349 2231 381 2284 et
398 2242 450 2306 ap.
474 2221 574 2285 schol.
587 2220 672 2284 Plat.
689 2220 812 2283 etHes.
831 2221 852 2284 l.
867 2221 888 2285 l.
906 2243 978 2286 esse
994 2220 1241 2303 restituendum,

131 2323 292 2408 siquidem
311 2321 553 2403 Eratosthenes,
575 2323 669 2385 cuius
690 2321 845 2386 iudicium
869 2325 968 2388 etiam
980 2323 1060 2387 Hes.
1085 2323 1243 2409 sequitur,

129 2434 218 2488 recte
246 2419 392 2506 σισύραν
421 2424 507 2487 inter
535 2432 568 2486 et
599 2425 765 2506 σίσυρναν
792 2445 859 2488 non
886 2424 1111 2489 distinxerat’
1160 2422 1243 2486 Mihi

130 2535 240 2589 tamen
260 2546 313 2590 res
335 2525 432 2609 longe
453 2524 550 2589 aliter
578 2546 612 2587 se
640 2523 762 2617 habere
782 2525 924 2589 videtur.
970 2523 1053 2603 Quis
1076 2525 1162 2587 enim
1185 2530 1243 2603 est,

133 2627 188 2711 qui
211 2625 274 2691 sibi
296 2626 494 2711 persuadeat
509 2624 759 2690 Eratosthenem
782 2619 975 2707 ἆνδρύχνην
993 2633 1026 2687 et
1041 2617 1243 2706 ἄνδραχνον,

132 2724 278 2809 σισύραν
304 2738 337 2791 ct
362 2731 463 2792 σίσνν
486 2727 595 2813 potius
625 2728 711 2790 inter
738 2748 774 2790 sc
795 2729 1033 2812 composuisse,
1061 2746 1159 2811 qnam
1182 2719 1244 2788 oiv-

131 2827 280 2911 δράχνην
312 2838 345 2893 et
372 2825 566 2911 dccccxvcii
592 2850 631 2891 eo
663 2827 800 2893 consilio
827 2828 862 2891 in
885 2827 1159 2914 comparationem
1188 2826 1243 2890 ad-

130 2951 276 3013 vocasse,
297 2940 335 2995 ut
351 2930 600 3012 demonstraret,
624 2930 711 2994 inter
730 2924 898 3012 σισύρνην
918 2936 951 2992 ct
968 2931 1130 3010 σίσυρνον
1146 2930 1243 2993 inter·

131 3054 195 3118 que
223 3031 368 3115 σισύραν
389 3041 423 3097 et
445 3035 588 3114 σίσνρον
610 3034 735 3115 (σίσον)
761 3052 826 3095 non
852 3052 924 3095 esse
947 3030 1122 3095 discrimen
1143 3031 1242 3113 aliud,

129 3132 196 3197 nisi
224 3135 310 3220 qnod
339 3134 472 3199 diverso
498 3155 619 3219 genere
645 3134 800 3221 exituque
821 3133 1036 3221 proferantur.
1082 3134 1157 3199 Vid.
1181 3135 1243 3198 ho·

131 3233 228 3298 beck.
250 3234 428 3321 Phrynich.
449 3259 480 3322 p.
495 3237 553 3300 861
580 3232 802 3300 Graefenhan.
822 3234 942 3300 Gesch.
962 3235 994 3299 d.
1014 3238 1110 3300 class.
1124 3236 1241 3301 Philol.

131 3334 196 3400 vol.
220 3337 290 3421 lp.
316 3341 387 3400 171.
432 3336 504 3400 Hoc
530 3336 593 3401 sibi
615 3337 687 3400 vult
708 3335 910 3423 Hesychius:
933 3341 1156 3418 σίσυρνον·
1181 3333 1243 3419 τὴν

132 3436 231 3518 (addo
254 3436 321 3519 καὶ)
344 3435 512 3521 σισύρνην
533 3439 568 3502 οί
587 3432 670 3503 κατὰ
695 3438 828 3521 Λιβύην
848 3437 914 3503 uri.
942 3437 1004 3503 Cui
1023 3459 1130 3524 neque
1150 3439 1244 3501 deest

132 3542 320 3620 σίσνρος·
342 3536 535 3624 γράμματος
556 3539 591 3623 (l.
610 3535 792 3622 ῥάμματος)
817 3533 913 3616 εἶδος.
959 3539 1122 3604 Distinxit
1143 3539 1244 3622 igitur

134 3638 369 3704 Eratosthenes
399 3640 486 3705 inter
516 3640 679 3725 σισύραν,
712 3664 731 3705 a
761 3664 825 3728 quo
856 3639 1017 3705 vocabulo
1045 3640 1151 3704 forma
1179 3661 1244 3701 non

134 3739 373 3824 significatione
401 3741 533 3807 diversa
559 3742 714 3808 censebat
739 3741 902 3813 vocabula
926 3746 1063 3823 σίσνρος
1085 3748 1117 3803 et
1136 3744 1243 3819 σίσυς,

134 3851 167 3905 et
189 3838 373 3926 σισύρνην,
406 3844 494 3931 quod
515 3844 702 3906 vestimenti
725 3863 828 3925 genus
849 3841 981 3905 fuerunt
1003 3841 1058 3925 qui
1080 3843 1244 3919 σίσυρνον

135 3943 244 4007 dicere
263 3945 407 4010 mallent.
448 3944 677 4010 Differentiam
700 3941 775 4004 hinc
796 3940 934 4026 profecti
952 3940 1050 4003 ctiam
1068 3938 1125 4005 alii
1145 3962 1240 4027 agno·

135 4053 238 4127 scunt,
261 4045 364 4110 veluti
387 4048 443 4133 qui
464 4045 608 4111 omnium
630 4045 733 4108 instar
754 4051 805 4106 est
824 4043 976 4104 Ammon.
995 4063 1028 4127 p.
1046 4046 1103 4108 128
1125 4044 1243 4110 Valck.

134 4145 176 4209 ab
195 4146 421 4212 Eratosthenis
441 4148 562 4212 indicio
583 4154 670 4210 totus
694 4144 849 4233 pendens,
871 4143 935 4207 nisi
958 4145 1044 4230 quod
1067 4143 1246 4228 κροκύδων

136 4245 216 4331 legit
243 4271 301 4334 pro
329 4250 474 4314 κωδίων.
518 4248 632 4334 Neque
655 4248 806 4311 dissentit
827 4246 1014 4332 Hesychius
1042 4249 1112 4312 sive
1133 4259 1246 4314 auctor

136 4345 235 4412 lexici
254 4351 371 4434 tragici
395 4372 421 4413 s.
445 4372 476 4412 v.
498 4344 710 4433 σισυρνιύδης
731 4346 843 4432 στολή.
869 4349 924 4413 Ex
942 4358 1036 4435 parte
1058 4349 1245 4415 Eratosthe-
