2962 5018
1194 450 1255 511 319

147 624 277 689 videtur
308 619 478 709 probabile
500 618 668 682 Atticiana
693 615 868 681 Aeschinis
900 614 1095 701 antigrapha
1123 614 1256 681 ebonis

147 724 241 789 libris
264 722 411 787 fluxisse.
458 720 562 785 Codd.
595 719 627 782 h.
658 718 679 784 l.
710 726 798 782 reete
826 722 986 799 Θυτεῖον,
1017 716 1081 780 duo
1110 716 1256 781 Bekkeri

147 823 292 891 Θύτειον
321 823 488 887 exhibent.
532 821 585 884 De
615 819 697 884 urbe
729 820 878 884 Aetoliae
911 820 981 883 sive
1015 817 1153 904 Thystio
1187 820 1257 882 sive

150 928 270 1014 Thytio
299 927 444 1011 cogitare
465 945 525 986 nos
547 945 612 986 non
636 923 713 986 sinit
734 921 797 986 loci
820 932 923 986 tenor.
946 961 988 970 -
1012 920 1064 984 Of.
1091 920 1184 986 Pbot.
1208 924 1258 1006 98,

150 1035 198 1093 17.
218 1032 257 1092 20
279 1028 344 1092 lex.
367 1024 475 1091 Bekk.
499 1028 570 1107 265,
594 1028 674 1088 46.

667 1249 731 1330 21.

377 1397 667 1464 Commentarii
694 1398 734 1459 in
761 1396 1025 1484 Hyperidem.

234 1577 263 1617 α.
287 1553 388 1638 Harp.
409 1555 533 1634 138,14
557 1543 771 1631 όξνθύμια
792 1585 834 1597 -—
859 1547 896 1613 ἐν
919 1547 955 1614 δὲ
976 1554 1022 1638 τῷ
1044 1545 1257 1638 ὑπομνήματι

150 1658 196 1731 είς
226 1650 287 1719 τόν
314 1651 398 1718 κατὰ
420 1650 586 1737 Δημάδου
607 1645 647 1715 τότ
676 1648 712 1715 ἐν
735 1661 804 1727 ταῖς
826 1646 972 1737 τριόδοις
991 1653 1094 1736 φησίν
1117 1654 1176 1740 (ιο.
1201 1654 1258 1718 Di-

150 1757 281 1843 dymus)
301 1751 464 1838 Ἑκαταῖα,
484 1748 574 1818 ὅπου
593 1748 633 1816 τὰ
652 1749 822 1834 καθάρσια
838 1749 963 1835 ἔφερόν
976 1776 1075 1837 τινες,
1092 1747 1114 1818 δ
1129 1749 1258 1832 ὀξυθύ-

150 1881 209 1941 μια
239 1863 395 1923 καλεῖται.
440 1849 591 1932 Εὔπολις
618 1851 748 1937 Δήμοις
777 1848 836 1919 1δν
857 1858 942 1939 χρῆν
964 1856 1001 1919 ἐν
1023 1866 1093 1932 ταῖς
1113 1853 1260 1940 τριόδοις

150 1953 214 2043 κόν
235 1970 303 2035 τοῖς
328 1953 526 2042 ὀξυθυμίοις
547 1954 799 2039 προστρόπαιον
818 1962 876 2039 τῆς
898 1951 1026 2032 πόλεως
1047 1954 1189 2022 καίεσθαι
1206 1982 1260 2023 τε-

152 2057 317 2144 τριγότα’.
361 2059 455 2124 Phot.
486 2061 565 2140 340,
588 2059 607 2120 2
631 2057 727 2122 suid.
774 2057 827 2121 Of.
850 2055 915 2122 lex.
939 2059 1052 2123 comio.
1075 2082 1107 2145 p.
1130 2063 1180 2124 39.

236 2179 338 2265 Harp.
359 2182 409 2260 70,
434 2182 470 2241 14
500 2175 747 2259 ἐλευθέριος
768 2173 881 2252 Ζεύς.
921 2170 1094 2261 Ὑπερίδης
1114 2182 1177 2267 (τῷ
1197 2179 1259 2263 μὲν

150 2283 268 2345 τοίνυν
280 2281 350 2362 Διί,
368 2269 529 2361 δόνδρες
548 2269 747 2361 δικασπολίη
765 2276 939 2360 ἐπωνυμία
954 2276 1072 2359 γέγονε
1087 2283 1148 2343 τοῦ
1164 2280 1260 2344 ἐλευ-
1378 2301 1386 2317 ·

151 2380 270 2462 θίριον
293 2374 607 2461 προσαγορεύεσθαι
630 2373 686 2443 διδ
706 2372 743 2442 τό
765 2373 845 2454 τούς
862 2377 1065 2460 ἐλευθέρους
1080 2375 1142 2462 τὴν
1157 2377 1260 2446 στοὰν

152 2481 369 2563 οἰκοδομῆσαι
395 2474 456 2563 τὴν
481 2482 624 2562 πλησίον
651 2472 789 2542 αὐτοῦ’.
822 2471 859 2541 ‘O
881 2471 918 2541 δὲ
946 2478 1133 2561 Δίδυμος
1155 2498 1260 2563 φησιν

151 2575 356 2665 ἁμαρτάνειν
373 2575 433 2644 τόν
453 2577 589 2665 ῥήτορα.
625 2575 753 2661 ἐκλήθη
773 2571 837 2661 γὰρ
857 2576 1051 2661 ἐλευθέριος
1068 2578 1124 2643 διὰ
1140 2576 1176 2643 τό
1192 2585 1260 2645 τῶν

151 2683 320 2765 Μηδικῶν
334 2677 567 2764 ἀπαλλαγῆναι
582 2677 662 2756 τούς
673 2675 881 2761 Ἀθηναίους.
904 2673 956 2744 ὅτι
972 2680 1008 2744 δὲ
1024 2680 1260 2763 ἐπιγέγραπται

151 2781 213 2867 μὲν
245 2779 373 2867 σωτήρ,
397 2777 591 2867 ὀνομάζεται
619 2778 655 2845 δὲ
683 2780 738 2844 καλ
760 2779 965 2865 ἐλευθέριος,
989 2783 1088 2865 δηλοῖ
1106 2781 1161 2846 καὶ
1187 2789 1260 2847 Με-

152 2885 312 2967 νανδρος·
727 2906 730 2909 ’

238 2999 345 3064 Schol.
372 3000 511 3087 Ρ1ε1.μ.
534 3005 597 3066 466
630 2996 690 3068 τόν
711 3003 837 3086 Μῆδον
864 2997 1070 3086 ἐκφυγόντες
1087 2996 1259 3086 Ἀθηναῖοι

153 3097 335 3183 ἱδρύσαντο
358 3097 418 3166 τόν
439 3101 637 3187 ἐλευθέριον
661 3107 737 3170 Δία.
760 3107 882 3169 τοῦτον
897 3099 933 3168 δὲ
950 3106 1034 3167 ἔνιοι
1049 3104 1104 3168 καὶ
1126 3103 1260 3190 σωτῆρά

152 3219 266 3285 φασιν.
291 3205 422 3285 τιμᾶται
444 3201 480 3268 δὲ
503 3202 696 3288 ἐλευθέριος
715 3202 800 3283 Ζεύς
820 3204 875 3270 καὶ
898 3206 935 3269 ἐν
951 3205 1187 3289 Συρακούσαις
1206 3207 1261 3272 καί

155 3305 374 3386 Ταραντίνοις
395 3306 450 3370 καί
471 3310 652 3383 Πλαταιαῖς
672 3306 727 3370 καὶ
751 3311 869 3393 Καρίᾳ.
915 3308 968 3371 Of.
995 3315 1036 3371 et.
1059 3330 1101 3372 m.
1126 3311 1197 3390 329,
1218 3313 1258 3372 44

151 3403 253 3468 εο1ιοΙ.
273 3405 332 3469 Ar.
355 3405 441 3471 Plut.
469 3410 548 3472 1176
571 3429 598 3472 ο.
623 3407 733 3472 adnot.
757 3406 795 3474 T.
815 3409 1001 3475 Hemsterh.
1024 3408 1258 3494 p.460v01.1

151 3527 183 3590 p.
208 3508 269 3570 350
292 3527 341 3593 sq.
363 3506 479 3572 Dindf.
504 3506 595 3572 Suid.

235 3643 263 3702 b.
285 3638 444 3726 Harpocr.
465 3643 534 3722 162,
554 3646 592 3705 16
613 3649 650 3708 Π
653 3647 821 3709 υθαεία·
838 3640 1029 3727 Ὑπερείδης
1046 3642 1130 3726 πρὸς
1142 3638 1259 3710 Ἀπελ-

153 3742 257 3802 λαῖον.
281 3733 422 3822 ἄπορον,
444 3744 515 3816 πῶς
536 3734 601 3806 ἆπὸ
623 3742 749 3806 τούτου
764 3741 997 3827 ἐσχημάτισται
1016 3739 1106 3827 παρὰ
1124 3747 1170 3833 τῷ
1182 3752 1258 3809 Δι-

153 3834 203 3902 δύ
209 3860 278 3927 μμ.
299 3834 434 3923 καὶγὰρ
452 3835 495 3905 ού
511 3834 557 3905 δι’
575 3830 624 3905 τόν
641 3843 807 3931 παρέθετο
822 3840 840 3907 ό
857 3840 1083 3928 γραμματικός
1104 3839 1258 3928 ω’νόμασε

152 3934 193 4003 τὰ
215 3936 333 4005 Πύθια
356 3937 486 4025 ἑορτήν,
508 3934 593 4006 ἄλλα
613 3936 674 4007 τὸν
695 3940 833 4010 Πύθιον
852 3940 1053 4012 Ἀπόλλωνα.

237 4057 310 4122 Om.
335 4058 383 4140 0.,
406 4059 558 4125 1πυθαιιία
580 4058 630 4141 Β,
659 4056 769 4125 πύθια
790 4060 823 4123 D
844 4062 964 4127 additis
988 4061 1039 4127 his
1071 4059 1168 4147 ἑορτὴ
1195 4066 1257 4127 τοῦ

153 4161 291 4223 Πυθίου
316 4152 532 4237 Ἀπόλλωνος.
556 4194 598 4206 —
619 4153 685 4223 ἆπδ
711 4156 834 4227 τούτου
860 4162 948 4228 hand
973 4163 1072 4229 dubie
1093 4165 1255 4228 vitiosum.

152 4256 306 4345 Suspicor
328 4256 394 4325 ἀπὸ
416 4263 479 4327 τοῦ
497 4264 645 4326 Πυθίου.
