2962 5018
237 380 299 444 302

238 540 259 610 ii
281 537 403 610 οἷόντε
422 542 503 622 τούς
522 543 710 625 δακτύλους
731 549 870 631 διείρειν
892 546 1111 631 ἑκατέρωθεν,
1135 541 1231 612 ἄλλοι
1254 547 1291 612 δὲ
1313 542 1352 612 τό

239 647 277 712 ἐν
295 643 410 734 κύκλφ
431 645 560 728 τύπους
580 652 673 734 ἔχον,
702 641 776 715 οἷον
805 647 1007 733 δακτύλους,
1036 644 1111 734 ἢτό
1132 651 1210 732 ἕχον
1229 646 1354 733 ἐξοχάς,

239 740 293 814 οἶα
326 748 366 814 τά
389 744 540 813 Σιδώνια
573 748 715 835 ποτήρια
747 748 769 836 ἦ
798 749 835 818 τό
867 758 969 818 λεῖον.
1013 747 1180 835 άχραντον
1208 747 1245 816 δέ
1270 753 1355 832 πυρὶ

239 851 327 934 παρὰ
356 846 394 917 τό
418 846 618 936 Ὁμηρικόν·
656 847 812 935 *άπυρον
834 856 1000 938 κατέθηκε
1028 855 1168 938 λέβητα’
1200 858 1256 942 (Ψ
1274 855 1353 938 267)

239 954 276 1019 τὸ
300 950 491 1037 ἐπιτήδειον
513 957 559 1030 είς
580 957 720 1038 ψυχρῶν
736 948 873 1020 ὑδάτων
891 950 1065 1039 ὑποδοχὴν
1080 948 1101 1039 ἢ
1118 954 1203 1038 πρὸς
1222 965 1354 1039 ψυχρο-

239 1059 361 1121 ποσίαν
383 1051 537 1121 εύθετον.
582 1054 671 1132 τινὲς
696 1054 732 1121 δὲ
756 1051 793 1121 τό
816 1057 923 1140 κέρας.
971 1058 1048 1141 περὶ
1070 1055 1107 1123 δὲ
1131 1054 1193 1141 τὴν
1212 1061 1355 1122 Μολοσ·

238 1161 316 1223 οίδα
344 1158 380 1222 οί
400 1153 479 1243 βόες
500 1149 663 1242 ὑπερφυῆ
686 1159 900 1241 ἱστοροῦνται
922 1159 1044 1244 κέρατα
1066 1162 1170 1245 ἔχειν,
1203 1159 1279 1240 περὶ
1301 1146 1354 1222 ὧν

239 1264 298 1345 τῆς
320 1264 528 1343 κατασκευῆς
550 1260 750 1345 Θεόπομπος
778 1262 905 1344 ἱστορεῖ
930 1261 1094 1349 (Mueller.
1118 1261 1158 1326 fr.
1182 1263 1311 1325 43v01.
1336 1260 1353 1323 Ι

238 1386 271 1449 p.
293 1363 382 1449 285),
417 1362 449 1438 ἐξ
473 1350 694 1441 οἶν-,πιθανόν
716 1363 771 1427 καὶ
794 1357 900 1428 αὐτὸν
924 1362 1108 1446 ἐσχηκέναι.
1150 1363 1292 1444 πλησίον
1314 1358 1352 1424 δὲ
1410 1399 1412 1402 -

240 1459 360 1552 (lycio)
392 1466 451 1545 τῆς
477 1467 672 1540 Μολοσσίας
697 1458 718 1548 ἡ
740 1458 885 1547 Ἰωλκός,
914 1462 952 1527 ἐν
977 1453 998 1551 ᾗ
1019 1458 1037 1527 ὁ
1057 1462 1111 1528 ἐπὶ
1132 1464 1236 1548 Πελία
1257 1455 1354 1544 άγων

238 1566 348 1650 ἐτίθη.
393 1565 526 1650 βέλτιον
555 1564 592 1632 δὲ
620 1568 748 1651 λέγειν,
781 1566 885 1652 φησὶν
908 1561 926 1629 ὁ
949 1565 1136 1648 Δίδυμος
1163 1562 1200 1627 ἐν
1221 1565 1268 1651 τῷ
1289 1565 1353 1626 τοῦ

240 1665 407 1752 δράματος
443 1667 640 1754 ἐξηγητικῷ,
674 1662 726 1733 ὅτι
755 1665 972 1753 παρήκουσεν
995 1660 1143 1749 Ὀμήρου
1176 1667 1352 1748 λέγοντος·

241 1771 395 1859 (πέμπτῳ
418 1764 452 1834 δ’
475 1763 667 1854 ἀμφίθετον
688 1768 815 1854 φιάλην
831 1763 1013 1852 ἀπύρωτον
1028 1770 1172 1850 ἔθηκεν’
1195 1772 1241 1851 (Φ
1259 1769 1348 1850 270).

240 1875 333 1950 ἔδοξε
355 1870 419 1956 γὰρ
442 1873 578 1954 ἔκπωμα
600 1865 696 1956 είναι,
719 1874 789 1937 ἐστι
810 1870 847 1936 δὲ
871 1876 1025 1955 χαλκεῖον
1049 1867 1231 1934 ἐκπέταλον
1250 1872 1352 1952 λεβη-
1412 1920 1416 1926 ,

239 1975 343 2050 τωδες
381 1973 573 2054 ἐπιτηδείως
604 1976 681 2056 ἕχον
710 1969 795 2056 πρός
827 1966 964 2038 ὑδάτων
996 1974 1137 2055 ψυχρῶν
1169 1963 1351 2052 ὑποδοχάς,

240 2068 457 2139 δακτυλωτόν
483 2067 517 2137 δ’
544 2064 619 2137 οἷον
644 2073 758 2162 κύκλῳ
778 2071 842 2158 τὴν
860 2072 986 2158 φιάλην
1009 2069 1185 2155 κοιλότητα
1207 2074 1352 2154 ἔχουσαν

241 2178 386 2258 ἔνδοθεν
408 2166 481 2239 οἷον
502 2172 698 2258 δακτύλων,
722 2169 743 2257 ἢ
767 2173 839 2239 ἐπεὶ
865 2179 1093 2260 περιείληπται
1116 2183 1184 2250 τοῖς
1205 2176 1275 2238 τῶν
1294 2195 1352 2238 πι-

240 2273 373 2341 νόντων
394 2275 583 2354 δακτύλοις.

326 2379 379 2442 Cf.
398 2379 543 2466 Hesych.
560 2381 576 2442 Ι
591 2402 623 2464 p.
638 2379 710 2461 880,
732 2379 824 2443 cuius
847 2380 958 2464 glossa
978 2372 1258 2450 δακτυλόδεικτον
1279 2399 1352 2462 per-

240 2484 323 2547 tinet
344 2469 562 2568 ad'Aesehyli
584 2480 718 2546 Edonos
742 2481 914 2569 (Wagner.
938 2480 955 2543 I
976 2505 1008 2567 p.
1031 2484 1097 2570 30).
1307 2505 1310 2509 ·

326 2768 437 2857 steph.
458 2768 539 2856 Byz.
563 2792 596 2855 p.
620 2772 691 2851 529,
715 2769 791 2833 5M.
817 2771 965 2833 πυκναία
990 2763 1082 2857 [παρ’
1096 2764 1213 2859 ”Ιωνι].
1240 2769 1352 2834 Δίδυ-

239 2896 301 2956 μος
322 2873 361 2936 δέ
381 2886 486 2955 φησιν
508 2865 580 2935 εὅτι
602 2866 664 2954 την
686 2867 799 2936 πύκνα
817 2864 860 2935 άν
884 2875 935 2952 είη
957 2871 1097 2954 λέγων’.
1135 2871 1226 2934 Haec
1248 2871 1354 2935 verba

239 2973 310 3037 sola
336 2972 473 3058 Didymi
505 2995 577 3037 esse
609 2976 772 3059 suspicor,
804 2992 1004 3059 quamquam
1031 2974 1098 3044 scio
1125 2995 1218 3036 secus
1244 2973 1353 3038 videri

240 3072 417 3139 Meinekio.
462 3072 666 3138 Pertraetavi
688 3073 773 3138 hunc
796 3074 902 3138 locum
931 3077 964 3138 in
986 3083 1156 3138 comment.
1180 3074 1196 3136 I
1220 3074 1261 3137 de
1284 3075 1352 3139 lexi

238 3174 365 3257 tragica
384 3175 439 3260 (fr.
464 3175 529 3260 10).
559 3198 591 3260 p.
615 3177 665 3238 89.

723 3343 725 3345 ’
764 3364 824 3442 ιι.

324 3501 427 3566 Aliud
452 3501 588 3589 Didymi
618 3502 808 3589 opusculum
837 3503 879 3567 ab
905 3503 1026 3567 Athen.
1055 3500 1140 3566 XIV
1170 3524 1202 3588 p.
1235 3505 1295 3566 634
1321 3501 1350 3564 Ε

238 3602 391 3668 laudatur
413 3605 449 3668 al
468 3602 552 3686 πρὸς
565 3597 667 3669 Ἴωνα
690 3599 936 3689 ἀντεξηγήσεις·
966 3603 1022 3668 καὶ
1045 3597 1081 3679 ὃς
1103 3604 1185 3685 ἔφη,
1214 3603 1352 3666 Δίδυ-

238 3728 310 3788 μος
337 3698 355 3769 ὁ
381 3704 667 3790 γραμματικὸς
695 3703 736 3769 ἐν
760 3715 847 3780 ταῖς
867 3699 1098 3787 πρόςἼωνα
1120 3699 1354 3785 ἀντεξηγη-

240 3821 376 3889 σεσιυ,
396 3803 504 3887 ἑταῖρε
521 3805 708 3889 Αἰμιλιανέ,
731 3803 876 3889 μάγαδιν
898 3801 1015 3869 άκούει
1036 3798 1143 3869 αύλόν
1165 3799 1226 3868 τόν
1249 3810 1354 3868 κιθα-

239 3901 431 3990 ριστήριον,
464 3897 507 3971 ού
532 3905 760 3991 μνημονεύειν
780 3903 1008 3989 Ἀριστόξενον
1036 3906 1074 3969 ἐν
1096 3929 1116 3969 α
1138 3904 1214 3987 περὶ
1236 3901 1355 3969 αὐλῶν

239 4063 434 4128 grammaticus
453 4066 543 4111 exstat
562 4077 607 4126 ap.
618 4062 702 4113 sohel.
713 4064 797 4114 Arist.
808 4036 910 4128 Venpp.
921 4060 997 4125 1032,
1016 4076 1180 4126 quamquam
1193 4076 1248 4111 non
1259 4061 1354 4111 nescio

239 4149 382 4212 ingeniosa
403 4147 454 4198 hoc
472 4147 630 4197 coniectura
648 4149 792 4200 sustulisse
807 4148 939 4199 Valcken.
959 4148 994 4197 ad
1012 4147 1128 4198 Theocr.
1147 4145 1236 4197 Adon.
1255 4162 1282 4210 p.
1303 4146 1353 4197 361

238 4232 388 4282 Bernhard.
407 4233 547 4282 Eratosth.
566 4249 594 4296 p.
605 4234 657 4283 218
669 4250 697 4285 n.
716 4235 751 4285 Ο.
770 4233 928 4302 Βοὶιιηηῖδετ.
942 4232 982 4292 ,εἰσ
994 4231 1089 4282 scholi.
1100 4231 1186 4282 Arist.
1196 4249 1224 4299 p.
1235 4232 1280 4284 92.
1304 4233 1357 4282 Po·

237 4320 302 4367 ierit
316 4323 408 4368 tamen
426 4323 539 4381 uterque
557 4317 633 4367 loeus
651 4319 771 4383 compari
788 4305 924 4383 prmidio
942 4322 1036 4368 mutuo
1054 4331 1127 4367 esse.
