2962 5018
247 417 308 481 330

247 610 340 654 cesse
358 596 408 651 est
428 595 505 650 ante
526 586 636 649 omnia
657 585 865 649 enunciatum
886 580 952 667 ἐγώ
974 580 1011 649 dl
1032 622 1076 633 -
1093 580 1200 649 αὐτόν
1224 607 1243 648 e
1265 589 1299 666 §-
1324 587 1367 649 33

246 690 431 777 expellatur
463 689 702 775 reducaturque
733 688 768 750 in
795 686 902 752 locum
931 709 1024 751 suum
1055 697 1130 773 post
1154 709 1188 751 v.
1210 692 1368 767 προθεσ-

247 800 327 875 μίαν
349 796 380 873 ξ.
403 793 455 854 34.
500 788 613 854 Habes
637 788 809 875 pravitatis
834 789 994 874 originem
1021 787 1284 874 emendandique
1313 807 1366 849 ra-

244 897 368 960 tionem
387 893 558 957 detectam.
603 891 848 977 ‘Thucydides,
869 892 974 977 inquit
997 890 1218 970 Marcellinus,
1238 911 1368 952 annum

246 997 362 1060 aetatis
385 994 690 1082 quinquagesimum
713 1015 883 1078 egressus,
904 1015 1002 1080 opere
1020 992 1175 1057 historico
1196 990 1240 1055 ad
1261 990 1368 1056 finem

246 1097 391 1162 nondum
414 1096 587 1182 perducto,
616 1095 807 1159 discessite
834 1097 931 1161 vita)
976 1094 1030 1160 Ab
1051 1094 1125 1159 aliis
1149 1093 1231 1158 elios
1256 1094 1288 1158 ci
1310 1116 1367 1157 ae
1415 1087 1420 1094 ’

245 1201 323 1264 tatis
351 1199 507 1263 terminos
536 1206 674 1262 statutos
704 1220 776 1262 esse
808 1197 997 1263 verosimile
1026 1206 1089 1279 est,
1123 1219 1141 1260 e
1167 1194 1288 1282 quibus
1295 1245 1305 1278 ,
1329 1197 1368 1259 ni

245 1300 351 1383 fallor,
375 1300 528 1386 Satyrum
549 1309 695 1364 nostrum
710 1309 826 1365 testem
849 1301 1006 1387 produxit
1022 1301 1111 1364 vitae
1132 1299 1264 1383 longius
1287 1319 1365 1384 pro-

246 1403 373 1467 ductae.
418 1401 509 1487 Lego
535 1402 637 1487 igitur
664 1398 728 1484 ἐγώ
751 1400 788 1466 dl
811 1398 972 1485 Σάτυρον
994 1407 1110 1483 ληρεῖν
1135 1403 1256 1482 νομιζειν
1285 1397 1365 1482 ε’ξη-

246 1501 412 1586 κοντούτη
434 1499 583 1586 ἄνθρακι
617 1505 899 1587 τετελευτηκέναι.
944 1503 1039 1567 Nunc
1067 1503 1196 1568 demum
1216 1501 1366 1587 explica·

246 1607 367 1671 tionem
390 1604 506 1689 habet,
530 1607 617 1692 quod
638 1630 671 1672 v.
701 1611 815 1688 ληρεῖν
837 1607 939 1695 utitur
960 1607 1099 1691 scriptor
1125 1605 1166 1668 de
1195 1603 1367 1688 Thucydi-

245 1708 297 1773 dis
319 1710 414 1773 annis
432 1708 467 1771 in
488 1707 554 1772 alia
574 1709 684 1774 omnia
704 1709 887 1774 discedens.
926 1709 1060 1774 Rectius
1084 1708 1182 1770 etiam
1204 1705 1365 1792 nulloque

246 1786 596 1895 obstaculo⁶impedita
634 1811 783 1897 procedit
809 1813 913 1876 oratio
938 1812 972 1875 in
1001 1807 1276 1897 praecedentibus
1306 1807 1365 1872 καὶ

246 1905 532 1992 καταγιγνώσκειν
558 1907 622 1995 τὴν
644 1907 807 1996 εὐήθειαν
833 1913 898 1995 ἔφη
918 1935 977 1962 -·
1005 1905 1041 1975 τὸ
1065 1903 1097 1974 δ’
1122 1907 1160 1973 ἐν
1175 1903 1295 1994 Ἰταλίᾳ
1316 1949 1364 1957 -

247 2006 292 2094 μὴ
313 2011 448 2093 σφόδρα
469 2017 717 2095 καταγέλαστον
738 2004 826 2101 qi-
848 2014 941 2095 Quae
958 2036 1031 2078 cum
1054 2013 1100 2076 ita
1121 2012 1194 2092 sint,
1217 2031 1284 2073 non
1307 2033 1366 2074 ve·
1404 2072 1406 2076 a

245 2134 320 2176 reor
340 2134 381 2176 ne
403 2114 456 2176 cui
473 2114 629 2179 audacius
649 2138 749 2201 agere
767 2117 892 2198 videar,
915 2117 954 2197 si,
976 2136 1073 2202 quam
1092 2112 1144 2176 bis
1156 2112 1365 2198 aptissimam

245 2215 424 2300 reperimus
447 2217 692 2281 enunciatorum
719 2218 1022 2304 transpositionem,
1049 2214 1145 2279 tertio
1168 2210 1267 2277 etiam
1289 2213 1365 2277 loco

246 2314 353 2402 quoad
381 2314 453 2379 fieri
479 2317 585 2402 possit
615 2319 762 2384 sanando
783 2329 937 2405 tanquam
961 2317 1174 2382 certissimam
1196 2315 1364 2379 medelam

246 2416 459 2481 admoverim.
505 2417 612 2505 Supra
634 2419 777 2484 diximus
798 2419 902 2484 verba
926 2413 989 2502 τὴν
1010 2414 1140 2498 πολλὴν
1161 2420 1366 2499 περιουσίαν

245 2520 409 2584 nescimus
425 2542 490 2606 quo
505 2543 582 2584 casu
595 2522 680 2585 intra
694 2525 724 2602 ξ.
741 2526 779 2585 14
792 2520 912 2586 limites
924 2520 1139 2604 immigrasse,
1162 2539 1363 2606 quamquam

246 2620 439 2707 Doxopatro
464 2629 547 2687 teste
575 2622 617 2686 ab
641 2622 733 2687 Olori
767 2623 933 2687 mentione
961 2620 1046 2686 male
1074 2618 1214 2685 divulsa.
1267 2617 1364 2699 Quae

245 2721 349 2786 verba
369 2745 433 2811 quo
458 2723 530 2788 loco
553 2723 692 2810 expulsa
713 2725 795 2806 sint,
818 2745 893 2788 cum
912 2730 1010 2808 caput
1031 2724 1049 2784 2
1073 2721 1171 2786 etiam
1192 2720 1363 2785 luxatissi·

244 2846 333 2888 mum
353 2826 411 2906 sit,
432 2825 520 2889 haud
541 2824 640 2890 facile
661 2848 735 2890 cum
757 2826 866 2911 specie
887 2824 1026 2910 quadam
1047 2822 1290 2909 probabilitatis
1313 2823 1363 2887 di·

246 2926 433 3008 sinereris,
480 2926 593 2993 licebit
612 3005 614 3009 Ι
630 2937 740 2991 tamen
790 2924 955 2990 hariolari.
1020 2924 1176 2989 Fortasse
1216 2945 1235 2987 e
1281 2925 1363 2988 scri-

245 3026 348 3111 ptoris
387 3028 525 3092 consilio
566 3051 587 3092 a
622 3029 794 3116 participio
832 3028 966 3109 ἔχοντος
1004 3030 1049 3112 (ξ.
1092 3026 1125 3112 2)
1172 3023 1365 3110 pendebant

247 3129 480 3211 εΘουκυδίδης
500 3168 544 3178 -
561 3125 703 3211 Ὀλόρου
724 3167 767 3177 -
789 3131 941 3212 προῆλθε
967 3122 1108 3208 πατρός,
1139 3122 1201 3209 τὴν
1225 3124 1363 3189 ἐπωνυ-

245 3231 325 3311 μίαν
348 3228 482 3310 ἔχοντος
510 3223 575 3294 ἀπὸ
599 3226 741 3313 Ὀλόρου
761 3234 824 3294 τοῦ
845 3232 990 3317 Θρᾳκῶν
1017 3225 1180 3311 βασιλέως
1207 3225 1261 3290 καί
1284 3223 1362 3310 την

247 3325 407 3412 πολλὴν
425 3334 679 3412 περιουσίαν
701 3330 756 3394 καὶ
778 3326 819 3394 τὰ
841 3329 895 3394 ἐπὶ
916 3326 1051 3415 Θρᾴκης
1073 3324 1222 3410 κτήματα
1243 3323 1360 3392 καὶτὰ

246 3431 284 3494 ἐν
301 3430 531 3517 Σκαπτησύλη
556 3432 699 3516 μέταλλα
722 3434 831 3514 χρυσᾶ
854 3430 999 3518 (Doxop.
1024 3428 1078 3493 καὶ
1101 3424 1162 3493 τὸν
1181 3427 1219 3492 ἐν
1241 3427 1362 3515 Θρᾴκη

244 3535 394 3597 πλοῦτον
421 3527 533 3599 πολὺν
555 3535 610 3600 καλ
639 3533 868 3618 περιουσίαν),
899 3529 953 3595 καὶ
976 3524 1103 3614 μητρὸς
1117 3523 1358 3610 Ἡγησιπύλης,

245 3629 432 3717 ἄπέγγονος
460 3633 497 3701 δὲ
525 3632 611 3701 κτὲ.’
655 3633 767 3698 Verba
794 3654 923 3720 quoque
952 3632 1096 3714 παρέσχε
1124 3623 1158 3692 d’
1186 3624 1266 3712 ἡμῖν
1297 3624 1361 3712 τὴν

245 3729 354 3812 ἄλλως
389 3731 525 3820 ζήτησιν
557 3735 623 3802 κτὲ.
656 3758 674 3801 e
701 3740 732 3817 ᾗ.
759 3739 772 3798 l
807 3736 843 3798 in
863 3738 894 3815 ἓ.
921 3736 958 3796 14
990 3733 1164 3817 irrepsisse
1193 3729 1359 3795 videntur.

246 3836 352 3921 lungo
380 3841 548 3918 φρονοῦσι
584 3842 701 3914 καλῶς.
746 3836 888 3917 παρέσχε
910 3834 950 3899 δέ
969 3839 1040 3899 κτλ.
1085 3833 1132 3898 At
1153 3854 1196 3896 ne
1218 3832 1267 3895 sic
1289 3832 1361 3916 qui·

246 3938 320 4002 dem
344 3938 430 4002 vitae
453 3939 581 4003 initium
602 3940 673 4002 sine
701 3938 879 4003 offensione
903 3934 1033 4021 legitur.
1079 3935 1161 4016 Quis
1184 3934 1271 3999 enim
1300 3940 1361 4014 est,

246 4041 301 4126 qui
324 4038 366 4103 ab
385 4048 518 4104 auctore
541 4047 665 4102 tanturn
684 4059 750 4102 non
771 4036 868 4123 plane
889 4035 1014 4101 insulso
1033 4035 1182 4123 profecta
1201 4056 1273 4099 esse
1290 4055 1360 4098 cre·

246 4139 302 4203 dat
329 4131 517 4220 ἆπέγγονος
549 4141 618 4202 τῶν
647 4132 836 4222 εὐδοκίμων
866 4141 1064 4220 στρατηγῶν
1098 4133 1164 4201 κτὲ.
1210 4128 1360 4221 ᾠκείωτο
1408 4217 1411 4223 ἱ

246 4233 373 4321 γὰρ-
394 4234 589 4321 Μιλτιάδην
615 4233 677 4303 τὸν
706 4235 919 4323 στρατηγόνῖ
969 4237 1052 4319 Quis
1083 4258 1225 4324 unquam
1255 4234 1360 4300 dixit:

245 4338 457 4427 Thucydides
478 4361 496 4404 e
515 4340 654 4426 posteris
673 4339 737 4405 fuit
756 4340 932 4424 Miltiadis3
956 4340 1116 4425 originem
1135 4337 1222 4406 euim
1243 4357 1265 4403 a
1285 4336 1362 4406 Mil·
