2932 5002
235 413 298 476 386

323 573 536 639 Pertinehant
558 570 642 635 tales
666 569 911 655 disquisitiones
942 565 1181 654 quodammodo
1208 565 1257 629 ad
1286 586 1363 628 earn

237 679 391 744 historiae
417 673 583 738 literariae
609 680 744 757 partem,
769 691 867 757 quam
886 691 945 733 nos
963 667 1211 754 biographicam
1235 687 1363 730 vocare

229 778 478 846 consuevimus.
523 772 563 835 In
590 794 654 860 quo
677 769 842 836 scribendi
864 790 985 855 genere
1004 790 1022 832 e
1044 768 1223 850 veteribus,
1248 767 1348 831 multi

238 882 385 946 tudinem
417 876 574 941 librorum
605 874 635 938 si
667 870 901 959 spectabimus,
942 869 1030 933 haud
1059 869 1156 934 facile
1189 871 1362 957 quispiam

241 980 525 1048 Chamaeleontem
544 974 758 1064 superaverit.
802 971 879 1036 Vid.
899 971 998 1036 indic.
1021 970 1064 1035 ad
1078 969 1200 1034 Athen.
1220 995 1255 1058 p.
1275 973 1363 1036 1838

239 1081 357 1148 Dindf.
401 1080 541 1166 Propius
566 1086 677 1141 tamen
702 1075 745 1139 ad
771 1074 886 1156 linem,
919 1095 1015 1161 quem
1039 1072 1103 1136 sibi
1123 1073 1159 1135 in
1183 1071 1363 1136 literarum

240 1186 377 1250 historia
397 1178 569 1246 condenda
582 1185 695 1241 nostra
709 1186 800 1240 aetas
816 1177 994 1258 constituit,
1010 1173 1176 1260 Didymus
1196 1174 1232 1236 in
1256 1195 1362 1260 opere

240 1284 492 1370 castigatissimo
517 1276 592 1360 περὶ
614 1281 765 1361 λυρικῶν
788 1280 967 1364 composito
989 1279 1167 1340 accessisse
1187 1276 1361 1363 putandus

241 1398 337 1468 esset,
360 1385 423 1449 nisi
445 1382 499 1446 hic
519 1382 589 1468 ipse
609 1378 709 1462 liber,
731 1380 820 1442 utin
840 1386 1013 1443 comment.
1034 1377 1082 1441 IV
1103 1388 1187 1465 part.
1208 1384 1228 1442 4
1251 1380 1361 1466 suspi-

242 1500 334 1556 catus
355 1510 442 1568 sum,
469 1483 615 1570 Didymo
637 1482 745 1568 potius
767 1480 954 1545 Heraclidis
981 1479 1050 1546 filio
1073 1482 1197 1545 musico
1220 1481 1357 1546 nobilis·

242 1595 334 1675 simo,
358 1611 453 1678 quam
471 1584 686 1651 Chalcentero
708 1582 934 1647 attribuendus
957 1604 1030 1646 esse
1044 1582 1223 1665 videretur,
1245 1604 1361 1669 quam

242 1715 339 1780 quam
367 1686 601 1773 Bernhardyus
628 1686 650 1749 l.
672 1684 693 1748 l.
724 1683 759 1747 II
787 1707 819 1770 p.
843 1686 904 1747 537
933 1681 1086 1747 lectorem
1109 1683 1152 1748 ad
1180 1688 1213 1765 ξ.
1237 1688 1317 1768 107,
1342 1691 1361 1748 7

242 1817 274 1880 p.
297 1792 391 1878 447¹)
417 1788 567 1873 relegans
589 1787 725 1850 Pindari
753 1786 964 1873 interpretem
993 1784 1035 1849 ab
1062 1793 1193 1850 auctore
1214 1786 1296 1851 libri
1320 1786 1362 1850 de

243 1895 348 1979 poetis
370 1892 482 1977 lyricis
503 1889 640 1954 Graecis
661 1910 727 1952 non
748 1887 930 1972 distinguit.

781 2078 816 2159 9.

331 2228 438 2309 ‘Quid
467 2235 500 2290 et
523 2248 588 2312 qua
611 2226 736 2290 ratione
765 2229 830 2292 iam
853 2227 971 2292 Graeci
998 2228 1041 2292 ad
1068 2228 1237 2292 literarum
1259 2226 1363 2291 histo·

244 2332 326 2395 riam
346 2328 549 2393 condendam
572 2325 830 2394 elaboraverint'
852 2329 946 2393 brevi
965 2329 1116 2416 exposuit
1132 2327 1172 2391 E.
1182 2327 1362 2414 Koepkius

232 2429 370 2519 ‘(Berol.
395 2431 486 2492 1845.
513 2430 572 2517 4.),
603 2451 646 2493 ex
672 2431 764 2494 cuius
788 2430 942 2519 opusculo
963 2429 1026 2493 huc
1049 2429 1209 2515 imprimis
1231 2428 1362 2494 faciunt

245 2559 277 2622 p.
300 2536 424 2597 13-16
452 2533 626 2618 disputata.
671 2530 786 2619 Itaque
812 2533 931 2618 partim
956 2529 1032 2611 περὶ
1059 2532 1209 2611 ποιητῶν
1232 2533 1269 2594 in
1290 2533 1363 2594 uni—

246 2657 387 2717 versum,
409 2634 528 2721 partim
551 2630 626 2714 περὶ
642 2636 792 2717 λυρικῶν
804 2635 952 2714 ποιητῶν
968 2635 1047 2719 (quo
1060 2631 1168 2695 indice
1181 2631 1364 2719 inscriptus

245 2736 384 2823 Didymi
411 2733 494 2799 liber
520 2756 598 2796 num
623 2755 698 2820 pars
727 2733 825 2797 fuerit
851 2733 1018 2819 amplioris
1046 2733 1153 2819 operis
1181 2733 1224 2797 de
1251 2735 1362 2819 poetis

246 2836 416 2924 compositi
437 2834 478 2897 ab
496 2834 609 2899 Orion.
630 2844 671 2898 et.
692 2835 742 2916 58,
759 2838 862 2897 7-14
885 2833 1009 2898 laudati
1042 2856 1102 2899 nec
1120 2856 1177 2916 ne,
1208 2839 1363 2920 quaestio

247 2948 296 3002 est
312 2936 468 3022 expeditu
484 2934 694 3022 difficillima)
716 2933 817 2999 libros
834 2935 1049 3000 condiderunt
1065 2935 1246 3000 Glaucus
1263 2934 1363 2999 Rhe-

247 3039 365 3123 ginus
387 3036 488 3121 Diog.
508 3036 569 3100 La.
592 3037 644 3100 IX
668 3043 697 3118 7,
721 3041 739 3100 6
762 3035 848 3100 Plut.
873 3036 913 3101 de
935 3058 1018 3101 mus.
1039 3037 1072 3100 X
1086 3060 1118 3124 p.
1134 3040 1195 3100 654
1211 3035 1251 3099 R.
1275 3036 1362 3100 Har-

162 3216 165 3222 ·
245 3159 334 3222 poor.
366 3139 441 3216 129,
472 3141 491 3200 6
524 3137 632 3201 Bekk.
661 3137 813 3220 testibus,
845 3140 937 3201 cuius
966 3161 1047 3227 opus
1075 3140 1207 3203 fuerunt
1237 3139 1295 3225 qni
1318 3138 1363 3200 ab

246 3234 502 3322 Antiphonte
523 3236 705 3323 profectum
725 3260 796 3302 esse
817 3237 1053 3304 arbitrarentur
1073 3248 1157 3304 teste
1180 3238 1268 3302 Plut.
1292 3240 1362 3303 An·
1438 3254 1440 3258 ·

244 3337 325 3424 tiph.
341 3360 373 3424 p.
389 3339 428 3400 28
445 3336 495 3401 ed.
512 3337 698 3423 Westorm.,
722 3339 877 3405 Critias
900 3341 975 3421 περὶ
988 3345 1137 3424 ποιητῶν
1157 3340 1210 3405 καὶ
1226 3345 1363 3425 σοφῶν,

246 3440 310 3504 nisi
333 3438 476 3503 fallimur
498 3462 571 3503 cum
590 3439 749 3504 Muellero
772 3440 812 3504 fr.
835 3440 910 3504 hist.
935 3441 991 3506 Gr.
1017 3442 1082 3506 vol.
1104 3442 1140 3505 ΙΙ
1162 3467 1194 3531 p.
1205 3447 1257 3526 70,
1282 3443 1363 3506 Da-

246 3549 396 3605 mastes
418 3539 634 3626 Sigeensis
663 3539 754 3607 Suid.
772 3542 897 3607 Eudoc.
920 3565 951 3629 p.
976 3545 1035 3604 127
1061 3541 1238 3609 Phanias
1261 3545 1364 3610 Ere·

247 3644 333 3706 sius
355 3642 475 3706 Athen.
493 3642 577 3707 VlII
594 3642 742 3730 puoto,
762 3643 998 3707 Demetrius
1013 3642 1241 3711 Phalereus
1259 3647 1363 3732 Diog.

231 3744 419 3826 'La.118,
444 3749 464 3809 9
492 3745 643 3810 Eustath.
675 3754 707 3810 et
736 3743 836 3808 schol.
865 3742 928 3808 Od.
955 3767 976 3826 γ
999 3747 1060 3809 267
1089 3745 1180 3811 Suid.
1209 3771 1241 3834 p.
1269 3751 1364 3831 1215,

247 3846 477 3932 Dionysius
506 3846 720 3911 Phaselita
748 3845 873 3909 Eudoc.
898 3869 929 3932 p.
953 3848 1014 3910 308
1043 3869 1196 3934 anonym.
1220 3849 1281 3912 vit.
1306 3849 1365 3912 Ni·

247 3948 342 4011 cand.
367 3969 419 4033 ap.
440 3947 614 4012 Westorm.
639 3946 743 4031 biogr.
766 3969 797 4033 p.
822 3950 880 4029 61,
909 3946 1019 4012 Lobo
1046 3947 1228 4033 Argivus
1259 3948 1365 4036 Diog.

247 4046 307 4110 La.
332 4046 347 4110 I
374 4051 422 4131 lll,
447 4053 465 4110 7
493 4048 642 4113 Mueller.
669 4047 746 4111 hist.
776 4047 834 4111 Gr.
863 4048 916 4111 ΙΙΙ
945 4075 976 4137 p.
1001 4053 1056 4133 27,
1085 4050 1366 4137 Lysimachus

227 4268 232 4273 ·
319 4253 344 4318 l)
369 4254 443 4304 Idem
467 4256 495 4304 in
518 4271 550 4304 eo
569 4255 654 4305 falsus
672 4261 728 4319 est,
751 4257 823 4321 qnod
845 4257 898 4307 duo
921 4257 1055 4308 duntaxat
1079 4257 1182 4308 alibro
1202 4254 1269 4322 περὶ
1286 4258 1368 4325 λυρι-

248 4335 306 4385 ιιῶν
325 4339 452 4403 ποιητῶν
470 4344 621 4406 composito
640 4344 795 4409 fragmenta
812 4350 930 4396 centem
950 4345 1047 4396 tulisse
1062 4344 1193 4395 affirmat.
