2964 5010
222 429 287 476 VIII
678 425 886 473 PRAEFATIO.

220 578 314 666 dymi
335 579 569 659 (troodanensis
590 575 767 665 particulas
789 586 863 662 post
889 575 1194 640 commentariorum
1215 573 1335 638 Home·

221 695 363 759 ricorum
384 693 539 781 reliquias
563 695 692 759 demum
714 693 865 774 exhibui,
891 693 1012 777 quippe
1032 712 1115 777 quae
1138 700 1226 756 certa
1245 690 1335 754 testi·

222 811 406 875 moniorum
442 811 507 876 fide
546 813 737 876 niterentur.
794 809 989 872 Homericae
1027 808 1211 871 recensioni
1244 815 1333 892 pote·

221 949 292 991 ram
315 927 467 1013 equidem
478 928 654 1009 Hesiodea,
677 926 860 997 Pindaricis
881 923 1141 1010 hypomnematis
1163 921 1335 1010 Bacchyli-

221 1045 299 1126 dea,
320 1044 509 1131 Sophocleis
519 1043 782 1137 *Euripidcisquc
797 1041 1086 1106 exercitationibus
1102 1040 1334 1106 commentaria

220 1160 348 1225 Achaei
370 1161 525 1248 Iouisque
547 1159 677 1224 fabulas
700 1157 912 1239 illustrantia,
943 1157 1193 1245 Aristophaneis
1216 1157 1334 1249 studiis

221 1278 523 1342 animadversiones
552 1276 595 1340 ad
621 1275 764 1361 relinpos
787 1277 874 1340 socci
900 1286 1014 1364 poetas
1035 1277 1236 1361 conscriptas
1260 1273 1334 1339 sub·

222 1396 373 1478 Iungere,
396 1394 454 1458 sed
475 1402 585 1457 tamen
607 1393 743 1456 alteram
765 1396 923 1458 rationem
945 1393 1159 1481 amplioribus
1181 1391 1334 1479 operibus

221 1512 370 1576 excussis
392 1533 413 1574 a
433 1534 465 1597 p.
490 1515 551 1576 299
578 1510 744 1596 usquead
770 1532 802 1597 p.
826 1513 887 1574 310
909 1511 1054 1576 breviter
1077 1511 1118 1575 dc
1139 1520 1334 1576 commenta-

222 1630 281 1694 riis
305 1631 453 1694 arctioris
475 1630 616 1694 ambitus
640 1630 675 1690 in
696 1637 809 1713 poetas
832 1651 913 1714 quos
935 1628 1048 1693 dicunt
1067 1630 1210 1695 minores
1233 1629 1335 1693 disse-

178 1798 181 1804 .
223 1747 319 1812 rendi
343 1746 398 1811 vel
426 1748 500 1813 ideo
526 1745 782 1833 praeoptandam
810 1745 904 1830 duxi,
938 1769 981 1810 ne
1014 1767 1098 1832 quae
1126 1747 1167 1811 de
1188 1746 1335 1834 Didymo

222 1865 429 1930 scenicorum
461 1872 631 1949 poetarum
664 1864 841 1949 interprete
875 1863 1136 1950 scholiorumque
1161 1864 1336 1951 principali

223 1981 315 2045 fonte
336 1981 534 2067 disputanda
552 1979 632 2045 mihi
657 1957 767 2045 essent
789 2004 821 2067 p.
843 1982 1019 2044 aot-299
1043 1983 1127 2045 male
1149 1983 1335 2067 discerpere

222 2119 368 2183 cogerer.
413 2098 467 2163 Ad
486 2097 737 2162 illustrationem
751 2097 1009 2181 fragmentorum
1024 2097 1112 2184 quod
1132 2098 1247 2162 attinet
1261 2119 1334 2183 par-

223 2237 299 2279 cum
326 2237 378 2279 me
403 2215 595 2305 plerumque
621 2218 833 2300 interpretem
862 2215 965 2278 fuisse
987 2200 1158 2298 confitdor,
1179 2224 1216 2279 ut
1233 2216 1335 2302 expli·
1383 2198 1385 2201 ⁵

223 2331 321 2396 candi
339 2333 499 2398 rationem
518 2337 629 2416 istam,
652 2351 750 2420 quam
771 2332 936 2398 indoctam
958 2343 989 2395 et
1010 2331 1168 2419 puerilem
1190 2335 1337 2421 increpat

224 2425 460 2537 Bernhardyus
493 2453 527 2515 in
557 2451 816 2516 Eratosthenicis
843 2473 876 2535 p.
900 2467 938 2531 v,
982 2450 1089 2536 quoad
1117 2449 1189 2514 fieri
1216 2463 1336 2538 posset,

224 2588 393 2651 caverem3
430 2570 517 2635 haud
553 2563 744 2655 negaverim
772 2576 895 2649 tamen,
938 2567 1025 2654 quod
1053 2567 1176 2631 factum
1206 2569 1336 2653 nollem,

224 2707 324 2750 caeca
351 2688 492 2774 quadam
514 2686 648 2751 uberius
678 2685 886 2772 exspatiandi
913 2684 1050 2750 libidine
1072 2684 1266 2772 aliquotiens
1285 2709 1337 2751 me

224 2802 289 2868 huc
318 2804 396 2870 illuc
421 2806 556 2871 devium
580 2805 750 2890 abreptum
777 2804 913 2869 liberius
942 2814 1117 2888 evagatum
1144 2826 1227 2869 esse.
1273 2804 1338 2870 Sed

224 2942 310 3007 quae
332 2920 528 2987 Homericae
555 2922 814 3008 Pindaricaeque
842 2924 1071 2989 recensionum
1091 2932 1267 3009 supersunt
1289 2944 1338 2986 re-

226 3038 349 3126 hquiae
374 3062 430 3105 eas
457 3041 526 3105 fere
551 3039 714 3104 indotatas
744 3038 862 3103 dimisi.
913 3040 989 3104 Huc
1014 3043 1100 3104 enim
1128 3040 1339 3105 Aristarchea

226 3159 465 3246 compositurus
490 3157 586 3221 brevi
613 3165 760 3242 tempore
777 3156 863 3218 ·vela
887 3165 1066 3220 retrorsum
1091 3157 1187 3221 dabo.
1236 3156 1340 3220 Deni-

226 3297 292 3360 que
310 3276 397 3360 quod
419 3274 556 3360 Didymi
579 3272 736 3358 opuscula
757 3271 815 3336 illa
834 3294 855 3336 a
873 3271 1050 3338 Francisco
1065 3273 1193 3339 Rittero
1215 3276 1340 3340 auctori

227 3413 288 3455 sua
306 3395 457 3455 restituta
480 3390 701 3476 Coloniaeque
723 3411 752 3454 a.
778 3392 858 3453 1845
882 3389 970 3454 edita
999 3390 1056 3476 (cf.
1081 3391 1187 3456 Alois.
1212 3391 1340 3479 Capell-

228 3529 338 3571 mann.
367 3509 402 3570 in
430 3509 552 3572 annall.
582 3505 765 3625 Marburg.·
783 3509 863 3571 1846
885 3506 942 3571 Nr.
966 3510 1022 3594 58)
1048 3509 1243 3595 dedignatus
1266 3511 1339 3593 sim,

228 3645 294 3688 non
320 3646 438 3689 vereor
467 3624 617 3711 equidem
648 3645 689 3687 ne
715 3625 751 3687 in
777 3627 1049 3712 vituperationem
1077 3629 1242 3691 incurram
1266 3650 1341 3714 pru-

228 3741 414 3807 dentiorum
435 3742 618 3824 hominum,
640 3744 697 3828 qui
720 3764 815 3829 spero
832 3743 901 3808 fore
928 3753 963 3808 ut
990 3766 1152 3809 consensu
1175 3767 1233 3811 suo
1256 3767 1341 3810 com·

227 3858 368 3944 probent
400 3869 610 3944 argumenta,
645 3859 763 3945 quibus
796 3860 839 3924 ad
865 3863 1039 3926 refutanda
1071 3863 1190 3926 Ritteri
1216 3865 1342 3925 somnia

228 3977 353 4062 passim
378 3999 456 4041 usus
479 4000 567 4059 sum,
591 3976 634 4040 cf.
660 4000 693 4063 p.
717 3980 769 4041 92.
792 3981 864 4042 272.
895 3982 968 4042 275.
992 3981 1065 4043 327.
1090 3979 1162 4040 333.

315 4092 469 4156 Ceterum
489 4092 569 4178 quId
587 4114 638 4156 me
661 4094 841 4181 impulerit,
864 4107 900 4160 ut
919 4116 998 4181 prae
1018 4093 1135 4158 ceteris
1155 4096 1341 4178 grammati·

228 4209 277 4273 cis
309 4209 370 4272 hac
398 4211 470 4296 ipsa
496 4219 619 4292 aetate,
651 4234 735 4299 quae
763 4213 975 4299 Apollonium
998 4209 1341 4300 DyscolumeIusque

229 4324 336 4389 filium
357 4325 580 4394 Herodianum
601 4330 808 4412 potissimum
836 4331 871 4393 in
890 4327 1019 4392 deliciis
1040 4325 1161 4393 habere
1182 4328 1342 4406 videatur,
