<?xml version="1.0" encoding="UTF-8"?>
<!DOCTYPE html PUBLIC "-//W3C//DTD XHTML 1.0 Transitional//EN"
    "http://www.w3.org/TR/xhtml1/DTD/xhtml1-transitional.dtd">
<html xmlns="http://www.w3.org/1999/xhtml" xml:lang="en" lang="en">
 <head>
  <title>
</title>
<meta http-equiv="Content-Type" content="text/html;charset=utf-8" />
  <meta name='ocr-system' content='tesseract 3.04.00' />
  <meta name='ocr-capabilities' content='ocr_page ocr_carea ocr_par ocr_line ocrx_word'/>
</head>
<body>
  <div class='ocr_page' id='page_1' title='image "./didymichalcente00schmgoog_0280.png"; bbox 0 0 2962 5018; ppageno 0'>
   <div class='ocr_carea' id='block_1_1' title="bbox 1205 368 1262 430">
    <p class='ocr_par' dir='ltr' id='par_1_1' title="bbox 1205 368 1262 430">
     <span class='ocr_line' id='line_1_1' title="bbox 1205 368 1262 430; baseline 0.035 -2"><span class='ocrx_word' id='word_1_1' title='bbox 1205 368 1262 430; x_wconf 84' lang='lat'><strong>261</strong></span> 
     </span>
    </p>
   </div>
   <div class='ocr_carea' id='block_1_2' title="bbox 150 517 1266 784">
    <p class='ocr_par' dir='ltr' id='par_1_2' title="bbox 150 517 1266 784">
     <span class='ocr_line' id='line_1_2' title="bbox 150 517 1265 613; baseline 0.019 -35"><span class='ocrx_word' id='word_1_2' title='bbox 150 540 181 602; x_wconf 89' lang='lat' dir='ltr'><strong>p.</strong></span> <span class='ocrx_word' id='word_1_3' title='bbox 207 520 269 580; x_wconf 83' lang='lat'><strong>465</strong></span> <span class='ocrx_word' id='word_1_4' title='bbox 292 517 324 580; x_wconf 93' lang='grc' dir='ltr'><strong>Ι)</strong></span> <span class='ocrx_word' id='word_1_5' title='bbox 345 519 477 584; x_wconf 89' lang='lat' dir='ltr'><strong>laudato</strong></span> <span class='ocrx_word' id='word_1_6' title='bbox 500 521 655 605; x_wconf 86' lang='lat' dir='ltr'><strong>cogitare.</strong></span> <span class='ocrx_word' id='word_1_7' title='bbox 701 523 768 588; x_wconf 90' lang='lat' dir='ltr'><strong>Sub</strong></span> <span class='ocrx_word' id='word_1_8' title='bbox 800 535 952 613; x_wconf 89' lang='lat' dir='ltr'><strong>corrupto</strong></span> <span class='ocrx_word' id='word_1_9' title='bbox 977 532 1125 607; x_wconf 81' lang='lat' dir='ltr'><strong>Gryntcus</strong></span> <span class='ocrx_word' id='word_1_10' title='bbox 1155 534 1265 600; x_wconf 86' lang='lat' dir='ltr'><strong>nescio</strong></span> 
     </span>
     <span class='ocr_line' id='line_1_3' title="bbox 151 621 1266 712; baseline 0.015 -32"><span class='ocrx_word' id='word_1_11' title='bbox 151 640 193 681; x_wconf 87' lang='lat' dir='ltr'><strong>an</strong></span> <span class='ocrx_word' id='word_1_12' title='bbox 218 624 409 698; x_wconf 74' lang='lat' dir='ltr'><strong><em>Phrynichus</em></strong></span> <span class='ocrx_word' id='word_1_13' title='bbox 437 621 545 685; x_wconf 89' lang='lat' dir='ltr'><strong>lateat.</strong></span> <span class='ocrx_word' id='word_1_14' title='bbox 590 622 644 685; x_wconf 89' lang='lat' dir='ltr'><strong>An</strong></span> <span class='ocrx_word' id='word_1_15' title='bbox 673 622 791 687; x_wconf 92' lang='lat' dir='ltr'><strong>Phaini</strong></span> <span class='ocrx_word' id='word_1_16' title='bbox 820 635 853 689; x_wconf 90' lang='lat' dir='ltr'><strong>et</strong></span> <span class='ocrx_word' id='word_1_17' title='bbox 875 624 1062 712; x_wconf 80' lang='lat' dir='ltr'><strong>Symmachi</strong></span> <span class='ocrx_word' id='word_1_18' title='bbox 1091 629 1266 712; x_wconf 83' lang='lat' dir='ltr'>laudantur</span> 
     </span>
     <span class='ocr_line' id='line_1_4' title="bbox 152 721 402 784; baseline 0.008 -2"><span class='ocrx_word' id='word_1_19' title='bbox 152 721 402 784; x_wconf 84' lang='lat' dir='ltr'><strong>commentarii?</strong></span> 
     </span>
    </p>
   </div>
   <div class='ocr_carea' id='block_1_3' title="bbox 615 922 823 932">
    <p class='ocr_par' dir='ltr' id='par_1_3' title="bbox 615 922 823 932">
     <span class='ocr_line' id='line_1_5' title="bbox 615 922 823 932; baseline 0.01 -2"><span class='ocrx_word' id='word_1_20' title='bbox 615 922 823 932; x_wconf 67' lang='lat'><strong>——</strong></span> 
     </span>
    </p>
   </div>
   <div class='ocr_carea' id='block_1_4' title="bbox 579 1131 837 1234">
    <p class='ocr_par' dir='ltr' id='par_1_4' title="bbox 579 1131 837 1234">
     <span class='ocr_line' id='line_1_6' title="bbox 579 1131 837 1234; baseline 0.008 -29"><span class='ocrx_word' id='word_1_21' title='bbox 579 1132 639 1206; x_wconf 92' lang='lat' dir='ltr'><strong>De</strong></span> <span class='ocrx_word' id='word_1_22' title='bbox 665 1131 837 1234; x_wconf 92' lang='lat' dir='ltr'><strong>Didymo</strong></span> 
     </span>
    </p>
   </div>
   <div class='ocr_carea' id='block_1_5' title="bbox 148 1281 1264 1470">
    <p class='ocr_par' dir='ltr' id='par_1_5' title="bbox 148 1281 1264 1470">
     <span class='ocr_line' id='line_1_7' title="bbox 148 1281 1264 1377; baseline 0.013 -35"><span class='ocrx_word' id='word_1_23' title='bbox 148 1281 379 1366; x_wconf 83' lang='lat' dir='ltr'><strong>interprete</strong></span> <span class='ocrx_word' id='word_1_24' title='bbox 400 1283 665 1346; x_wconf 87' lang='lat' dir='ltr'><strong>scenicorum</strong></span> <span class='ocrx_word' id='word_1_25' title='bbox 689 1292 901 1369; x_wconf 91' lang='lat' dir='ltr'><strong>poetarum</strong></span> <span class='ocrx_word' id='word_1_26' title='bbox 927 1285 1264 1377; x_wconf 85' lang='lat' dir='ltr'><strong>scholiorumque</strong></span> 
     </span>
     <span class='ocr_line' id='line_1_8' title="bbox 513 1384 891 1470; baseline 0.005 -24"><span class='ocrx_word' id='word_1_27' title='bbox 513 1384 742 1470; x_wconf 87' lang='lat' dir='ltr'><strong>principali</strong></span> <span class='ocrx_word' id='word_1_28' title='bbox 765 1385 891 1448; x_wconf 83' lang='lat' dir='ltr'><strong>fonte.</strong></span> 
     </span>
    </p>
   </div>
   <div class='ocr_carea' id='block_1_6' title="bbox 98 1517 1262 3735">
    <p class='ocr_par' dir='ltr' id='par_1_6' title="bbox 98 1517 1262 3735">
     <span class='ocr_line' id='line_1_9' title="bbox 233 1517 1262 1626; baseline 0.012 -31"><span class='ocrx_word' id='word_1_29' title='bbox 233 1532 261 1595; x_wconf 83' lang='lat' dir='ltr'>E</span> <span class='ocrx_word' id='word_1_30' title='bbox 281 1533 458 1614; x_wconf 87' lang='lat' dir='ltr'><strong>veteribus,</strong></span> <span class='ocrx_word' id='word_1_31' title='bbox 481 1535 536 1621; x_wconf 91' lang='lat' dir='ltr'><strong>qui</strong></span> <span class='ocrx_word' id='word_1_32' title='bbox 559 1538 591 1597; x_wconf 93' lang='lat' dir='ltr'><strong>in</strong></span> <span class='ocrx_word' id='word_1_33' title='bbox 606 1533 797 1621; x_wconf 85' lang='lat' dir='ltr'><strong>Sophoclem</strong></span> <span class='ocrx_word' id='word_1_34' title='bbox 819 1517 1026 1602; x_wconf 81' lang='lat' dir='ltr'><strong>commentati</strong></span> <span class='ocrx_word' id='word_1_35' title='bbox 1049 1549 1134 1622; x_wconf 85' lang='lat' dir='ltr'><strong>sunt,</strong></span> <span class='ocrx_word' id='word_1_36' title='bbox 1156 1564 1262 1626; x_wconf 87' lang='lat' dir='ltr'><strong>gram·</strong></span> 
     </span>
     <span class='ocr_line' id='line_1_10' title="bbox 148 1633 1261 1725; baseline 0.011 -30"><span class='ocrx_word' id='word_1_37' title='bbox 148 1633 290 1715; x_wconf 85' lang='lat' dir='ltr'><strong>maticis,</strong></span> <span class='ocrx_word' id='word_1_38' title='bbox 334 1635 430 1698; x_wconf 87' lang='lat' dir='ltr'><strong>unius</strong></span> <span class='ocrx_word' id='word_1_39' title='bbox 464 1636 649 1699; x_wconf 83' lang='lat' dir='ltr'><strong>etiamnunc</strong></span> <span class='ocrx_word' id='word_1_40' title='bbox 684 1638 871 1699; x_wconf 83' lang='lat' dir='ltr'><strong>memoriam</strong></span> <span class='ocrx_word' id='word_1_41' title='bbox 911 1647 1021 1702; x_wconf 86' lang='lat' dir='ltr'><strong>servat</strong></span> <span class='ocrx_word' id='word_1_42' title='bbox 1056 1640 1157 1705; x_wconf 88' lang='lat' dir='ltr'><strong>schol.</strong></span> <span class='ocrx_word' id='word_1_43' title='bbox 1190 1642 1261 1725; x_wconf 90' lang='lat' dir='ltr'><strong>La.,</strong></span> 
     </span>
     <span class='ocr_line' id='line_1_11' title="bbox 148 1734 1262 1819; baseline 0.01 -23"><span class='ocrx_word' id='word_1_44' title='bbox 148 1734 369 1819; x_wconf 85' lang='lat' dir='ltr'><strong>Praxiphanis</strong></span> <span class='ocrx_word' id='word_1_45' title='bbox 380 1735 402 1818; x_wconf 84' lang='lat'><strong>¹)</strong></span> <span class='ocrx_word' id='word_1_46' title='bbox 434 1735 476 1799; x_wconf 89' lang='lat' dir='ltr'><strong>ad</strong></span> <span class='ocrx_word' id='word_1_47' title='bbox 506 1734 576 1800; x_wconf 79' lang='lat'><strong>00.</strong></span> <span class='ocrx_word' id='word_1_48' title='bbox 606 1740 678 1799; x_wconf 86' lang='grc'><strong>91111.</strong></span> <span class='ocrx_word' id='word_1_49' title='bbox 722 1736 808 1800; x_wconf 84' lang='lat' dir='ltr'><strong>Aliis</strong></span> <span class='ocrx_word' id='word_1_50' title='bbox 835 1739 920 1801; x_wconf 91' lang='lat' dir='ltr'><strong>euim</strong></span> <span class='ocrx_word' id='word_1_51' title='bbox 948 1738 1029 1804; x_wconf 88' lang='lat' dir='ltr'><strong>locis</strong></span> <span class='ocrx_word' id='word_1_52' title='bbox 1059 1762 1170 1805; x_wconf 85' lang='lat' dir='ltr'><strong>omnes</strong></span> <span class='ocrx_word' id='word_1_53' title='bbox 1197 1765 1262 1809; x_wconf 92' lang='lat' dir='ltr'><strong>uno</strong></span> 
     </span>
     <span class='ocr_line' id='line_1_12' title="bbox 147 1836 1260 1923; baseline 0.009 -25"><span class='ocrx_word' id='word_1_54' title='bbox 147 1837 277 1899; x_wconf 87' lang='lat' dir='ltr'><strong>nomine</strong></span> <span class='ocrx_word' id='word_1_55' title='bbox 300 1845 588 1901; x_wconf 87' lang='lat' dir='ltr'><strong>commentatorum</strong></span> <span class='ocrx_word' id='word_1_56' title='bbox 612 1836 939 1923; x_wconf 89' lang='lat' dir='ltr'><strong>comprehenduntur,</strong></span> <span class='ocrx_word' id='word_1_57' title='bbox 959 1848 995 1903; x_wconf 91' lang='lat' dir='ltr'><strong>ut</strong></span> <span class='ocrx_word' id='word_1_58' title='bbox 1019 1841 1089 1906; x_wconf 77' lang='lat'><strong>00.</strong></span> <span class='ocrx_word' id='word_1_59' title='bbox 1112 1845 1185 1907; x_wconf 85' lang='lat'><strong>388.</strong></span> <span class='ocrx_word' id='word_1_60' title='bbox 1199 1846 1260 1909; x_wconf 84' lang='grc'><strong>396</strong></span> 
     </span>
     <span class='ocr_line' id='line_1_13' title="bbox 149 1930 1261 2026; baseline 0.008 -27"><span class='ocrx_word' id='word_1_61' title='bbox 149 1937 199 2021; x_wconf 77' lang='lat' dir='ltr'><strong>(oi</strong></span> <span class='ocrx_word' id='word_1_62' title='bbox 217 1930 587 2021; x_wconf 79' lang='grc' dir='ltr'><strong><em>ὑαομνηματισάμενοι)</em></strong></span> <span class='ocrx_word' id='word_1_63' title='bbox 614 1940 669 2002; x_wconf 92' lang='grc'><strong>681</strong></span> <span class='ocrx_word' id='word_1_64' title='bbox 677 1989 686 2021; x_wconf 90' lang='lat'><strong>,</strong></span> <span class='ocrx_word' id='word_1_65' title='bbox 717 1938 774 2002; x_wconf 91' lang='lat' dir='ltr'><strong>ubi</strong></span> <span class='ocrx_word' id='word_1_66' title='bbox 803 1948 950 2006; x_wconf 83' lang='lat' dir='ltr'><strong>veterum</strong></span> <span class='ocrx_word' id='word_1_67' title='bbox 977 1944 1261 2026; x_wconf 82' lang='lat' dir='ltr'><strong>grammaticorum</strong></span> 
     </span>
     <span class='ocr_line' id='line_1_14' title="bbox 147 2033 1262 2132; baseline 0.008 -31"><span class='ocrx_word' id='word_1_68' title='bbox 147 2037 250 2101; x_wconf 82' lang='lat' dir='ltr'><strong>verba</strong></span> <span class='ocrx_word' id='word_1_69' title='bbox 270 2045 346 2101; x_wconf 89' lang='lat' dir='ltr'><strong>sunt</strong></span> <span class='ocrx_word' id='word_1_70' title='bbox 369 2060 453 2125; x_wconf 89' lang='lat' dir='ltr'><strong>quae</strong></span> <span class='ocrx_word' id='word_1_71' title='bbox 480 2038 633 2123; x_wconf 83' lang='lat' dir='ltr'><strong>leguntur</strong></span> <span class='ocrx_word' id='word_1_72' title='bbox 654 2062 757 2127; x_wconf 80' lang='lat' dir='ltr'><strong>usque</strong></span> <span class='ocrx_word' id='word_1_73' title='bbox 779 2039 821 2103; x_wconf 92' lang='lat' dir='ltr'><strong>ad</strong></span> <span class='ocrx_word' id='word_1_74' title='bbox 844 2033 962 2118; x_wconf 78' lang='grc' dir='ltr'><strong><em>αὐταῖς</em></strong></span> <span class='ocrx_word' id='word_1_75' title='bbox 985 2038 1112 2127; x_wconf 75' lang='grc' dir='ltr'><strong><em>ἀνεῖτο,</em></strong></span> <span class='ocrx_word' id='word_1_76' title='bbox 1135 2044 1262 2132; x_wconf 82' lang='lat' dir='ltr'><strong>reliqua</strong></span> 
     </span>
     <span class='ocr_line' id='line_1_15' title="bbox 146 2137 1261 2227; baseline 0.006 -25"><span class='ocrx_word' id='word_1_77' title='bbox 146 2160 249 2226; x_wconf 87' lang='lat' dir='ltr'><strong>usque</strong></span> <span class='ocrx_word' id='word_1_78' title='bbox 272 2137 431 2202; x_wconf 86' lang='lat' dir='ltr'><strong>adfinem</strong></span> <span class='ocrx_word' id='word_1_79' title='bbox 453 2138 606 2225; x_wconf 85' lang='lat' dir='ltr'><strong>Didymi,</strong></span> <span class='ocrx_word' id='word_1_80' title='bbox 630 2140 823 2227; x_wconf 77' lang='lat' dir='ltr'><strong>quibuscum</strong></span> <span class='ocrx_word' id='word_1_81' title='bbox 846 2142 1021 2208; x_wconf 84' lang='lat' dir='ltr'><strong>cohaerent</strong></span> <span class='ocrx_word' id='word_1_82' title='bbox 1042 2144 1197 2210; x_wconf 88' lang='lat' dir='ltr'><strong>adnotata</strong></span> <span class='ocrx_word' id='word_1_83' title='bbox 1218 2145 1261 2209; x_wconf 92' lang='lat' dir='ltr'><strong>ad</strong></span> 
     </span>
     <span class='ocr_line' id='line_1_16' title="bbox 145 2238 1259 2314; baseline 0.011 -12"><span class='ocrx_word' id='word_1_84' title='bbox 145 2261 177 2303; x_wconf 83' lang='lat' dir='ltr'><strong>v.</strong></span> <span class='ocrx_word' id='word_1_85' title='bbox 191 2243 263 2304; x_wconf 84' lang='lat'><strong>684.</strong></span> <span class='ocrx_word' id='word_1_86' title='bbox 289 2240 350 2305; x_wconf 84' lang='lat' dir='ltr'><strong>Cui</strong></span> <span class='ocrx_word' id='word_1_87' title='bbox 373 2238 445 2304; x_wconf 91' lang='lat' dir='ltr'><strong>loco</strong></span> <span class='ocrx_word' id='word_1_88' title='bbox 469 2239 635 2305; x_wconf 86' lang='lat' dir='ltr'><strong>simillima</strong></span> <span class='ocrx_word' id='word_1_89' title='bbox 653 2253 728 2306; x_wconf 89' lang='lat' dir='ltr'><strong>sunt</strong></span> <span class='ocrx_word' id='word_1_90' title='bbox 751 2241 852 2307; x_wconf 85' lang='lat' dir='ltr'><strong>schol.</strong></span> <span class='ocrx_word' id='word_1_91' title='bbox 873 2244 916 2307; x_wconf 87' lang='lat' dir='ltr'><strong>ad</strong></span> <span class='ocrx_word' id='word_1_92' title='bbox 931 2245 1065 2308; x_wconf 90' lang='lat' dir='ltr'><strong>Pindar.</strong></span> <span class='ocrx_word' id='word_1_93' title='bbox 1092 2244 1205 2309; x_wconf 89' lang='lat' dir='ltr'><strong>Isthm.</strong></span> <span class='ocrx_word' id='word_1_94' title='bbox 1232 2250 1259 2314; x_wconf 83' lang='grc' dir='ltr'><em>Β</em></span> 
     </span>
     <span class='ocr_line' id='line_1_17' title="bbox 146 2342 1257 2430; baseline 0.006 -28"><span class='ocrx_word' id='word_1_95' title='bbox 146 2342 243 2404; x_wconf 86' lang='lat' dir='ltr'><strong>inser.</strong></span> <span class='ocrx_word' id='word_1_96' title='bbox 261 2351 293 2405; x_wconf 89' lang='lat' dir='ltr'><strong>et</strong></span> <span class='ocrx_word' id='word_1_97' title='bbox 308 2364 339 2404; x_wconf 91' lang='lat' dir='ltr'><strong>v.</strong></span> <span class='ocrx_word' id='word_1_98' title='bbox 362 2346 399 2405; x_wconf 80' lang='grc'><strong>111</strong></span> <span class='ocrx_word' id='word_1_99' title='bbox 415 2365 446 2427; x_wconf 91' lang='lat' dir='ltr'><strong>p.</strong></span> <span class='ocrx_word' id='word_1_100' title='bbox 460 2343 522 2404; x_wconf 86' lang='grc'><strong>526</strong></span> <span class='ocrx_word' id='word_1_101' title='bbox 538 2352 569 2403; x_wconf 89' lang='lat' dir='ltr'><strong>et</strong></span> <span class='ocrx_word' id='word_1_102' title='bbox 584 2343 625 2406; x_wconf 92' lang='lat' dir='ltr'><strong>ad</strong></span> <span class='ocrx_word' id='word_1_103' title='bbox 638 2343 717 2407; x_wconf 88' lang='lat' dir='ltr'><strong>Eur.</strong></span> <span class='ocrx_word' id='word_1_104' title='bbox 731 2343 818 2407; x_wconf 89' lang='lat' dir='ltr'><strong>Med.</strong></span> <span class='ocrx_word' id='word_1_105' title='bbox 833 2346 894 2406; x_wconf 79' lang='lat'><strong>212</strong></span> <span class='ocrx_word' id='word_1_106' title='bbox 912 2342 986 2408; x_wconf 87' lang='lat' dir='ltr'><strong>coll.</strong></span> <span class='ocrx_word' id='word_1_107' title='bbox 1005 2348 1062 2408; x_wconf 86' lang='lat'><strong>171</strong></span> <span class='ocrx_word' id='word_1_108' title='bbox 1088 2343 1167 2430; x_wconf 87' lang='lat' dir='ltr'><strong>(vol.</strong></span> <span class='ocrx_word' id='word_1_109' title='bbox 1181 2345 1211 2407; x_wconf 94' lang='lat' dir='ltr'>V</span> <span class='ocrx_word' id='word_1_110' title='bbox 1225 2366 1257 2430; x_wconf 91' lang='lat' dir='ltr'><strong>p.</strong></span> 
     </span>
     <span class='ocr_line' id='line_1_18' title="bbox 147 2435 1259 2528; baseline 0 -22"><span class='ocrx_word' id='word_1_111' title='bbox 147 2442 277 2528; x_wconf 77' lang='lat' dir='ltr'><strong>352M.)</strong></span> <span class='ocrx_word' id='word_1_112' title='bbox 290 2445 395 2506; x_wconf 79' lang='grc' dir='ltr'><strong><em>ταῦτα</em></strong></span> <span class='ocrx_word' id='word_1_113' title='bbox 407 2452 475 2519; x_wconf 80' lang='grc' dir='ltr'><em>τοῖς</em></span> <span class='ocrx_word' id='word_1_114' title='bbox 487 2435 877 2525; x_wconf 76' lang='grc' dir='ltr'><strong><em>ἀξιοῦσιν-συμπράττει.</em></strong></span> <span class='ocrx_word' id='word_1_115' title='bbox 895 2445 930 2508; x_wconf 81' lang='grc' dir='ltr'><strong>οἱ</strong></span> <span class='ocrx_word' id='word_1_116' title='bbox 939 2449 1025 2526; x_wconf 80' lang='grc' dir='ltr'><strong><em>γοῦν</em></strong></span> <span class='ocrx_word' id='word_1_117' title='bbox 1038 2465 1259 2526; x_wconf 81' lang='grc' dir='ltr'><strong><em>προυπομνη-</em></strong></span> 
     </span>
     <span class='ocr_line' id='line_1_19' title="bbox 147 2541 1257 2630; baseline 0.001 -23"><span class='ocrx_word' id='word_1_118' title='bbox 147 2541 366 2629; x_wconf 77' lang='grc' dir='ltr'><strong><em>ματισάμενοι</em></strong></span> <span class='ocrx_word' id='word_1_119' title='bbox 390 2542 583 2626; x_wconf 77' lang='grc' dir='ltr'><em>γράφουσιν</em></span> <span class='ocrx_word' id='word_1_120' title='bbox 604 2542 669 2608; x_wconf 83' lang='grc' dir='ltr'><strong>κτὲ.</strong></span> <span class='ocrx_word' id='word_1_121' title='bbox 714 2546 832 2610; x_wconf 90' lang='lat' dir='ltr'><strong>Moneo</strong></span> <span class='ocrx_word' id='word_1_122' title='bbox 854 2545 916 2609; x_wconf 92' lang='lat' dir='ltr'><strong>hoc</strong></span> <span class='ocrx_word' id='word_1_123' title='bbox 936 2554 1069 2630; x_wconf 86' lang='lat' dir='ltr'><strong>propter</strong></span> <span class='ocrx_word' id='word_1_124' title='bbox 1084 2544 1257 2626; x_wconf 87' lang='lat' dir='ltr'><strong>Ritterum,</strong></span> 
     </span>
     <span class='ocr_line' id='line_1_20' title="bbox 98 2639 1256 2732; baseline -0.003 -21"><span class='ocrx_word' id='word_1_125' title='bbox 98 2708 99 2711; x_wconf 74' lang='grc'>,</span> <span class='ocrx_word' id='word_1_126' title='bbox 146 2647 200 2732; x_wconf 92' lang='lat' dir='ltr'><strong>qui</strong></span> <span class='ocrx_word' id='word_1_127' title='bbox 225 2645 406 2732; x_wconf 89' lang='lat' dir='ltr'><strong>Didymum</strong></span> <span class='ocrx_word' id='word_1_128' title='bbox 427 2643 598 2731; x_wconf 82' lang='lat' dir='ltr'><strong>intellegit,</strong></span> <span class='ocrx_word' id='word_1_129' title='bbox 620 2645 677 2709; x_wconf 93' lang='lat' dir='ltr'><strong>ubi</strong></span> <span class='ocrx_word' id='word_1_130' title='bbox 700 2646 735 2709; x_wconf 78' lang='lat' dir='ltr'><strong>ot</strong></span> <span class='ocrx_word' id='word_1_131' title='bbox 753 2639 1107 2728; x_wconf 77' lang='grc' dir='ltr'><strong><em>ὑπομνηματισάμενοι</em></strong></span> <span class='ocrx_word' id='word_1_132' title='bbox 1129 2643 1164 2706; x_wconf 93' lang='lat' dir='ltr'><strong>in</strong></span> <span class='ocrx_word' id='word_1_133' title='bbox 1184 2665 1256 2729; x_wconf 90' lang='lat' dir='ltr'><strong>par·</strong></span> 
     </span>
     <span class='ocr_line' id='line_1_21' title="bbox 144 2743 1255 2833; baseline -0.001 -23"><span class='ocrx_word' id='word_1_134' title='bbox 144 2757 194 2811; x_wconf 89' lang='lat' dir='ltr'><strong>tes</strong></span> <span class='ocrx_word' id='word_1_135' title='bbox 217 2757 389 2829; x_wconf 87' lang='lat' dir='ltr'><strong>vocantur,</strong></span> <span class='ocrx_word' id='word_1_136' title='bbox 419 2768 613 2833; x_wconf 84' lang='lat' dir='ltr'><strong>quamquam</strong></span> <span class='ocrx_word' id='word_1_137' title='bbox 635 2754 758 2811; x_wconf 88' lang='lat' dir='ltr'><strong>certum</strong></span> <span class='ocrx_word' id='word_1_138' title='bbox 782 2755 832 2810; x_wconf 89' lang='lat' dir='ltr'><strong>est</strong></span> <span class='ocrx_word' id='word_1_139' title='bbox 855 2768 907 2831; x_wconf 90' lang='lat' dir='ltr'><strong>ap.</strong></span> <span class='ocrx_word' id='word_1_140' title='bbox 928 2744 1007 2806; x_wconf 85' lang='lat' dir='ltr'><strong>Hes.</strong></span> <span class='ocrx_word' id='word_1_141' title='bbox 1031 2743 1127 2806; x_wconf 89' lang='lat' dir='ltr'><strong>etiam</strong></span> <span class='ocrx_word' id='word_1_142' title='bbox 1150 2766 1176 2807; x_wconf 85' lang='lat' dir='ltr'><strong>s.</strong></span> <span class='ocrx_word' id='word_1_143' title='bbox 1199 2767 1255 2809; x_wconf 86' lang='lat' dir='ltr'><strong>vv.</strong></span> 
     </span>
     <span class='ocr_line' id='line_1_22' title="bbox 146 2841 1255 2931; baseline -0.003 -19"><span class='ocrx_word' id='word_1_144' title='bbox 146 2844 355 2931; x_wconf 77' lang='grc' dir='ltr'><strong><em>ἐναρσφόρος</em></strong></span> <span class='ocrx_word' id='word_1_145' title='bbox 385 2858 417 2912; x_wconf 90' lang='lat' dir='ltr'><strong>et</strong></span> <span class='ocrx_word' id='word_1_146' title='bbox 447 2849 730 2912; x_wconf 76' lang='grc' dir='ltr'><strong><em>κυνᾶαλοπαῑκται</em></strong></span> <span class='ocrx_word' id='word_1_147' title='bbox 765 2856 796 2910; x_wconf 90' lang='lat' dir='ltr'><strong>et</strong></span> <span class='ocrx_word' id='word_1_148' title='bbox 826 2841 926 2909; x_wconf 85' lang='lat' dir='ltr'><strong>schol.</strong></span> <span class='ocrx_word' id='word_1_149' title='bbox 955 2842 1051 2907; x_wconf 90' lang='lat' dir='ltr'><strong>Pind.</strong></span> <span class='ocrx_word' id='word_1_150' title='bbox 1083 2844 1135 2910; x_wconf 91' lang='lat' dir='ltr'><strong>Ol.</strong></span> <span class='ocrx_word' id='word_1_151' title='bbox 1164 2871 1184 2922; x_wconf 83' lang='grc' dir='ltr'><strong><em>ς</em></strong></span> <span class='ocrx_word' id='word_1_152' title='bbox 1215 2850 1255 2909; x_wconf 92' lang='grc'><strong>55</strong></span> 
     </span>
     <span class='ocr_line' id='line_1_23' title="bbox 145 2939 1256 3033; baseline -0.003 -19"><span class='ocrx_word' id='word_1_153' title='bbox 145 2950 237 3014; x_wconf 87' lang='lat' dir='ltr'><strong>Vrat.</strong></span> <span class='ocrx_word' id='word_1_154' title='bbox 261 2950 354 3013; x_wconf 88' lang='lat' dir='ltr'><strong>Nem.</strong></span> <span class='ocrx_word' id='word_1_155' title='bbox 379 2973 400 3031; x_wconf 87' lang='lat' dir='ltr'><strong>y</strong></span> <span class='ocrx_word' id='word_1_156' title='bbox 424 2956 434 3012; x_wconf 94' lang='grc'><strong>1</strong></span> <span class='ocrx_word' id='word_1_157' title='bbox 463 2949 575 3013; x_wconf 86' lang='lat' dir='ltr'><strong>Isthm.</strong></span> <span class='ocrx_word' id='word_1_158' title='bbox 600 2953 621 3033; x_wconf 87' lang='grc' dir='ltr'>β</span> <span class='ocrx_word' id='word_1_159' title='bbox 644 2949 742 3012; x_wconf 87' lang='lat' dir='ltr'><strong>insor.</strong></span> <span class='ocrx_word' id='word_1_160' title='bbox 767 2968 787 3009; x_wconf 97' lang='lat' dir='ltr'><strong>a</strong></span> <span class='ocrx_word' id='word_1_161' title='bbox 803 2944 948 3028; x_wconf 89' lang='lat' dir='ltr'><strong>Didymo</strong></span> <span class='ocrx_word' id='word_1_162' title='bbox 971 2943 1079 3008; x_wconf 90' lang='lat' dir='ltr'><strong>refelli</strong></span> <span class='ocrx_word' id='word_1_163' title='bbox 1101 2939 1256 3030; x_wconf 77' lang='grc' dir='ltr'><strong><em>ὑπομνη-</em></strong></span> 
     </span>
     <span class='ocr_line' id='line_1_24' title="bbox 147 3043 1255 3134; baseline -0.001 -20"><span class='ocrx_word' id='word_1_164' title='bbox 147 3048 316 3134; x_wconf 77' lang='grc' dir='ltr'><strong><em>ματιστάς.</em></strong></span> <span class='ocrx_word' id='word_1_165' title='bbox 355 3051 464 3116; x_wconf 79' lang='lat' dir='ltr'><strong>Etiam</strong></span> <span class='ocrx_word' id='word_1_166' title='bbox 487 3053 520 3115; x_wconf 92' lang='lat' dir='ltr'><strong>in</strong></span> <span class='ocrx_word' id='word_1_167' title='bbox 539 3050 640 3116; x_wconf 85' lang='lat' dir='ltr'><strong>schol.</strong></span> <span class='ocrx_word' id='word_1_168' title='bbox 657 3050 699 3113; x_wconf 92' lang='lat' dir='ltr'><strong>ad</strong></span> <span class='ocrx_word' id='word_1_169' title='bbox 712 3049 779 3111; x_wconf 88' lang='lat' dir='ltr'><strong>OC.</strong></span> <span class='ocrx_word' id='word_1_170' title='bbox 793 3048 865 3108; x_wconf 84' lang='lat'><strong>900.</strong></span> <span class='ocrx_word' id='word_1_171' title='bbox 879 3048 940 3107; x_wconf 81' lang='grc'><strong>1147</strong></span> <span class='ocrx_word' id='word_1_172' title='bbox 964 3046 999 3109; x_wconf 81' lang='grc' dir='ltr'><strong>οἱ</strong></span> <span class='ocrx_word' id='word_1_173' title='bbox 1016 3043 1255 3131; x_wconf 76' lang='grc' dir='ltr'><em>ἐξηγησάμενοι</em></span> 
     </span>
     <span class='ocr_line' id='line_1_25' title="bbox 145 3139 1256 3234; baseline -0.003 -17"><span class='ocrx_word' id='word_1_174' title='bbox 145 3153 330 3217; x_wconf 84' lang='lat' dir='ltr'><strong>laudantur.</strong></span> <span class='ocrx_word' id='word_1_175' title='bbox 363 3157 441 3216; x_wconf 92' lang='grc'><strong>1375</strong></span> <span class='ocrx_word' id='word_1_176' title='bbox 459 3148 692 3231; x_wconf 75' lang='grc' dir='ltr'><strong><em>ἁπαξάπαντες</em></strong></span> <span class='ocrx_word' id='word_1_177' title='bbox 719 3147 754 3210; x_wconf 82' lang='lat' dir='ltr'><strong>oi</strong></span> <span class='ocrx_word' id='word_1_178' title='bbox 771 3142 836 3227; x_wconf 78' lang='grc' dir='ltr'><strong>πρὸ</strong></span> <span class='ocrx_word' id='word_1_179' title='bbox 859 3139 955 3228; x_wconf 74' lang='grc' dir='ltr'><strong><em>ἡμῶν</em></strong></span> <span class='ocrx_word' id='word_1_180' title='bbox 985 3150 1082 3232; x_wconf 88' lang='grc'><strong>(1593</strong></span> <span class='ocrx_word' id='word_1_181' title='bbox 1105 3143 1256 3234; x_wconf 78' lang='grc' dir='ltr'><strong><em>ἀμάρτυ-</em></strong></span> 
     </span>
     <span class='ocr_line' id='line_1_26' title="bbox 146 3249 1255 3342; baseline -0.001 -26"><span class='ocrx_word' id='word_1_182' title='bbox 146 3276 207 3334; x_wconf 92' lang='grc' dir='ltr'><strong>ρον</strong></span> <span class='ocrx_word' id='word_1_183' title='bbox 231 3254 294 3340; x_wconf 63' lang='grc' dir='ltr'><strong>δε).</strong></span> <span class='ocrx_word' id='word_1_184' title='bbox 340 3255 406 3320; x_wconf 85' lang='lat' dir='ltr'><strong>Sed</strong></span> <span class='ocrx_word' id='word_1_185' title='bbox 434 3255 653 3342; x_wconf 84' lang='lat' dir='ltr'><strong>Aristophane</strong></span> <span class='ocrx_word' id='word_1_186' title='bbox 684 3249 847 3336; x_wconf 85' lang='lat' dir='ltr'><strong>Byzantio</strong></span> <span class='ocrx_word' id='word_1_187' title='bbox 878 3249 930 3312; x_wconf 86' lang='lat' dir='ltr'><strong>usi</strong></span> <span class='ocrx_word' id='word_1_188' title='bbox 958 3258 1035 3313; x_wconf 89' lang='lat' dir='ltr'><strong>sunt</strong></span> <span class='ocrx_word' id='word_1_189' title='bbox 1059 3249 1255 3315; x_wconf 82' lang='lat' dir='ltr'><strong>scholiastae</strong></span> 
     </span>
     <span class='ocr_line' id='line_1_27' title="bbox 144 3349 1253 3442; baseline -0.005 -23"><span class='ocrx_word' id='word_1_190' title='bbox 144 3356 187 3419; x_wconf 92' lang='lat' dir='ltr'><strong>ad</strong></span> <span class='ocrx_word' id='word_1_191' title='bbox 207 3355 259 3421; x_wconf 83' lang='lat' dir='ltr'><strong>El.</strong></span> <span class='ocrx_word' id='word_1_192' title='bbox 282 3361 342 3420; x_wconf 87' lang='lat'><strong>445</strong></span> <span class='ocrx_word' id='word_1_193' title='bbox 367 3353 621 3442; x_wconf 81' lang='grc' dir='ltr'><strong><em>(ἐμασχαλίσθη)</em></strong></span> <span class='ocrx_word' id='word_1_194' title='bbox 644 3350 718 3416; x_wconf 89' lang='lat' dir='ltr'><strong>coll.</strong></span> <span class='ocrx_word' id='word_1_195' title='bbox 740 3350 834 3414; x_wconf 91' lang='lat' dir='ltr'><strong>Phot.</strong></span> <span class='ocrx_word' id='word_1_196' title='bbox 857 3354 1122 3432; x_wconf 76' lang='grc' dir='ltr'><strong><em>μασχαλίσματας</em></strong></span> <span class='ocrx_word' id='word_1_197' title='bbox 1142 3349 1185 3413; x_wconf 90' lang='lat' dir='ltr'><strong>ad</strong></span> <span class='ocrx_word' id='word_1_198' title='bbox 1199 3351 1253 3419; x_wconf 84' lang='grc' dir='ltr'><strong>Αἰ.</strong></span> 
     </span>
     <span class='ocr_line' id='line_1_28' title="bbox 149 3449 1254 3540; baseline -0.006 -20"><span class='ocrx_word' id='word_1_199' title='bbox 149 3461 206 3521; x_wconf 86' lang='grc'><strong>164</strong></span> <span class='ocrx_word' id='word_1_200' title='bbox 227 3457 300 3522; x_wconf 90' lang='lat' dir='ltr'><strong>coll.</strong></span> <span class='ocrx_word' id='word_1_201' title='bbox 325 3458 392 3522; x_wconf 91' lang='lat' dir='ltr'><strong>Oro</strong></span> <span class='ocrx_word' id='word_1_202' title='bbox 416 3468 457 3522; x_wconf 91' lang='lat' dir='ltr'><strong>et.</strong></span> <span class='ocrx_word' id='word_1_203' title='bbox 480 3481 522 3521; x_wconf 92' lang='lat' dir='ltr'><strong>m.</strong></span> <span class='ocrx_word' id='word_1_204' title='bbox 546 3478 577 3540; x_wconf 91' lang='lat' dir='ltr'><strong>p.</strong></span> <span class='ocrx_word' id='word_1_205' title='bbox 599 3455 670 3535; x_wconf 81' lang='lat'><strong>625,</strong></span> <span class='ocrx_word' id='word_1_206' title='bbox 690 3454 741 3533; x_wconf 81' lang='lat'><strong>24,</strong></span> <span class='ocrx_word' id='word_1_207' title='bbox 766 3473 961 3538; x_wconf 88' lang='lat' dir='ltr'><strong>quamquam</strong></span> <span class='ocrx_word' id='word_1_208' title='bbox 980 3450 1108 3515; x_wconf 88' lang='lat' dir='ltr'><strong>dubitat</strong></span> <span class='ocrx_word' id='word_1_209' title='bbox 1126 3449 1254 3514; x_wconf 87' lang='lat' dir='ltr'><strong>Nauck.</strong></span> 
     </span>
     <span class='ocr_line' id='line_1_29' title="bbox 144 3551 1255 3645; baseline -0.005 -25"><span class='ocrx_word' id='word_1_210' title='bbox 144 3557 185 3620; x_wconf 90' lang='lat' dir='ltr'><strong>de</strong></span> <span class='ocrx_word' id='word_1_211' title='bbox 204 3558 306 3643; x_wconf 89' lang='lat' dir='ltr'><strong>Arist.</strong></span> <span class='ocrx_word' id='word_1_212' title='bbox 323 3558 405 3643; x_wconf 81' lang='lat' dir='ltr'><strong>Byz.</strong></span> <span class='ocrx_word' id='word_1_213' title='bbox 427 3582 457 3643; x_wconf 92' lang='lat' dir='ltr'><strong>p.</strong></span> <span class='ocrx_word' id='word_1_214' title='bbox 476 3557 546 3634; x_wconf 80' lang='grc'>233,</span> <span class='ocrx_word' id='word_1_215' title='bbox 570 3574 675 3639; x_wconf 87' lang='lat' dir='ltr'><strong>neque</strong></span> <span class='ocrx_word' id='word_1_216' title='bbox 697 3553 951 3645; x_wconf 79' lang='lat' dir='ltr'><strong>Aristophanem</strong></span> <span class='ocrx_word' id='word_1_217' title='bbox 974 3553 1058 3615; x_wconf 90' lang='lat' dir='ltr'><strong>inter</strong></span> <span class='ocrx_word' id='word_1_218' title='bbox 1081 3551 1255 3635; x_wconf 83' lang='lat' dir='ltr'><strong>scriptores</strong></span> 
     </span>
     <span class='ocr_line' id='line_1_30' title="bbox 144 3650 1254 3735; baseline -0.004 -16"><span class='ocrx_word' id='word_1_219' title='bbox 144 3656 185 3719; x_wconf 94' lang='lat' dir='ltr'><strong>ab</strong></span> <span class='ocrx_word' id='word_1_220' title='bbox 208 3657 275 3721; x_wconf 89' lang='lat' dir='ltr'><strong>Oro</strong></span> <span class='ocrx_word' id='word_1_221' title='bbox 296 3658 457 3721; x_wconf 87' lang='lat' dir='ltr'><strong>adhibitos</strong></span> <span class='ocrx_word' id='word_1_222' title='bbox 481 3663 628 3718; x_wconf 88' lang='lat' dir='ltr'><strong>recenset</strong></span> <span class='ocrx_word' id='word_1_223' title='bbox 649 3651 864 3733; x_wconf 80' lang='lat' dir='ltr'><strong>Bitschelius3</strong></span> <span class='ocrx_word' id='word_1_224' title='bbox 886 3651 928 3714; x_wconf 94' lang='lat' dir='ltr'><strong>ad</strong></span> <span class='ocrx_word' id='word_1_225' title='bbox 948 3651 1002 3714; x_wconf 87' lang='grc' dir='ltr'><strong>Αἰ.</strong></span> <span class='ocrx_word' id='word_1_226' title='bbox 1027 3654 1088 3715; x_wconf 89' lang='grc'><strong>746</strong></span> <span class='ocrx_word' id='word_1_227' title='bbox 1112 3650 1254 3735; x_wconf 86' lang='lat' dir='ltr'><strong>(Nauck.</strong></span> 
     </span>
    </p>
   </div>
   <div class='ocr_carea' id='block_1_7' title="bbox 132 3855 1256 4359">
    <p class='ocr_par' dir='ltr' id='par_1_7' title="bbox 132 3855 1256 4359">
     <span class='ocr_line' id='line_1_31' title="bbox 213 3855 1256 3926; baseline -0.002 -15"><span class='ocrx_word' id='word_1_228' title='bbox 213 3860 239 3926; x_wconf 77' lang='lat'><strong>¹¹¹)</strong></span> <span class='ocrx_word' id='word_1_229' title='bbox 258 3861 356 3911; x_wconf 84' lang='lat' dir='ltr'><strong>Mirum</strong></span> <span class='ocrx_word' id='word_1_230' title='bbox 375 3864 417 3909; x_wconf 86' lang='lat' dir='ltr'><strong>est</strong></span> <span class='ocrx_word' id='word_1_231' title='bbox 435 3857 507 3923; x_wconf 90' lang='lat' dir='ltr'><strong>quod</strong></span> <span class='ocrx_word' id='word_1_232' title='bbox 525 3858 555 3906; x_wconf 87' lang='lat' dir='ltr'><strong>C.</strong></span> <span class='ocrx_word' id='word_1_233' title='bbox 576 3856 648 3906; x_wconf 87' lang='lat' dir='ltr'><strong>Keil.</strong></span> <span class='ocrx_word' id='word_1_234' title='bbox 671 3856 699 3904; x_wconf 90' lang='lat' dir='ltr'><strong>in</strong></span> <span class='ocrx_word' id='word_1_235' title='bbox 718 3855 808 3907; x_wconf 87' lang='lat' dir='ltr'><strong>annal.</strong></span> <span class='ocrx_word' id='word_1_236' title='bbox 829 3856 918 3906; x_wconf 84' lang='lat' dir='ltr'><strong>Marb.</strong></span> <span class='ocrx_word' id='word_1_237' title='bbox 939 3856 1004 3907; x_wconf 82' lang='lat'>1852</span> <span class='ocrx_word' id='word_1_238' title='bbox 1024 3858 1092 3908; x_wconf 84' lang='lat' dir='ltr'><strong>fasc.</strong></span> <span class='ocrx_word' id='word_1_239' title='bbox 1112 3859 1129 3909; x_wconf 89' lang='grc'><strong>3</strong></span> <span class='ocrx_word' id='word_1_240' title='bbox 1148 3859 1176 3907; x_wconf 89' lang='lat' dir='ltr'><strong>in</strong></span> <span class='ocrx_word' id='word_1_241' title='bbox 1195 3874 1256 3909; x_wconf 87' lang='lat' dir='ltr'><strong>ceu-</strong></span> 
     </span>
     <span class='ocr_line' id='line_1_32' title="bbox 143 3936 1255 4010; baseline -0.004 -12"><span class='ocrx_word' id='word_1_242' title='bbox 143 3965 207 4000; x_wconf 84' lang='lat' dir='ltr'><strong>sura</strong></span> <span class='ocrx_word' id='word_1_243' title='bbox 225 3946 436 4010; x_wconf 74' lang='lat' dir='ltr'><strong>onomatologici</strong></span> <span class='ocrx_word' id='word_1_244' title='bbox 454 3944 571 4009; x_wconf 86' lang='lat' dir='ltr'><strong>Papiani</strong></span> <span class='ocrx_word' id='word_1_245' title='bbox 588 3944 616 3992; x_wconf 89' lang='lat' dir='ltr'><strong>in</strong></span> <span class='ocrx_word' id='word_1_246' title='bbox 633 3943 717 3993; x_wconf 90' lang='lat' dir='ltr'><strong>schol.</strong></span> <span class='ocrx_word' id='word_1_247' title='bbox 737 3944 851 4009; x_wconf 83' lang='lat' dir='ltr'><strong>Dionys.</strong></span> <span class='ocrx_word' id='word_1_248' title='bbox 872 3942 970 3996; x_wconf 86' lang='lat' dir='ltr'><strong>Thrac.</strong></span> <span class='ocrx_word' id='word_1_249' title='bbox 986 3943 1045 4006; x_wconf 74' lang='lat'><strong>729,</strong></span> <span class='ocrx_word' id='word_1_250' title='bbox 1061 3945 1103 4007; x_wconf 83' lang='lat'><strong>23,</strong></span> <span class='ocrx_word' id='word_1_251' title='bbox 1119 3946 1166 3995; x_wconf 91' lang='lat' dir='ltr'><strong>ubi</strong></span> <span class='ocrx_word' id='word_1_252' title='bbox 1185 3936 1255 4010; x_wconf 84' lang='grc' dir='ltr'><strong><em>παρ’</em></strong></span> 
     </span>
     <span class='ocr_line' id='line_1_33' title="bbox 132 4022 1253 4098; baseline -0.001 -14"><span class='ocrx_word' id='word_1_253' title='bbox 132 4026 306 4098; x_wconf 77' lang='grc' dir='ltr'><strong><em>Ἐξιφᾶνονς</em></strong></span> <span class='ocrx_word' id='word_1_254' title='bbox 334 4033 437 4094; x_wconf 86' lang='lat' dir='ltr'><strong>editur,</strong></span> <span class='ocrx_word' id='word_1_255' title='bbox 466 4046 515 4097; x_wconf 89' lang='lat' dir='ltr'><strong>pro</strong></span> <span class='ocrx_word' id='word_1_256' title='bbox 543 4030 731 4081; x_wconf 87' lang='lat' dir='ltr'><strong>emendatione</strong></span> <span class='ocrx_word' id='word_1_257' title='bbox 761 4031 915 4080; x_wconf 83' lang='lat' dir='ltr'><strong>certissima</strong></span> <span class='ocrx_word' id='word_1_258' title='bbox 945 4022 1152 4095; x_wconf 71' lang='grc' dir='ltr'><strong><em>Πραξιφάνους</em></strong></span> <span class='ocrx_word' id='word_1_259' title='bbox 1180 4030 1253 4096; x_wconf 83' lang='lat' dir='ltr'><strong>(cod.</strong></span> 
     </span>
     <span class='ocr_line' id='line_1_34' title="bbox 144 4117 1254 4185; baseline -0.001 -13"><span class='ocrx_word' id='word_1_260' title='bbox 144 4122 239 4173; x_wconf 86' lang='lat' dir='ltr'><strong>Ottob.</strong></span> <span class='ocrx_word' id='word_1_261' title='bbox 267 4121 317 4171; x_wconf 85' lang='lat'><strong>147</strong></span> <span class='ocrx_word' id='word_1_262' title='bbox 341 4135 367 4184; x_wconf 90' lang='lat' dir='ltr'><strong>p.</strong></span> <span class='ocrx_word' id='word_1_263' title='bbox 388 4120 403 4167; x_wconf 94' lang='grc'><strong>7</strong></span> <span class='ocrx_word' id='word_1_264' title='bbox 423 4119 512 4168; x_wconf 88' lang='lat' dir='ltr'><strong>Cram.</strong></span> <span class='ocrx_word' id='word_1_265' title='bbox 538 4118 571 4168; x_wconf 78' lang='lat' dir='ltr'><strong>A.</strong></span> <span class='ocrx_word' id='word_1_266' title='bbox 597 4117 666 4166; x_wconf 85' lang='lat' dir='ltr'><strong>Oxx.</strong></span> <span class='ocrx_word' id='word_1_267' title='bbox 687 4117 726 4166; x_wconf 88' lang='lat' dir='ltr'><strong>IV</strong></span> <span class='ocrx_word' id='word_1_268' title='bbox 744 4117 840 4180; x_wconf 84' lang='grc'><strong>311,5</strong></span> <span class='ocrx_word' id='word_1_269' title='bbox 870 4117 992 4166; x_wconf 84' lang='lat' dir='ltr'><strong>Classen.</strong></span> <span class='ocrx_word' id='word_1_270' title='bbox 1012 4117 1046 4168; x_wconf 89' lang='lat' dir='ltr'><strong>de</strong></span> <span class='ocrx_word' id='word_1_271' title='bbox 1062 4119 1190 4184; x_wconf 89' lang='lat' dir='ltr'><strong>primord.</strong></span> <span class='ocrx_word' id='word_1_272' title='bbox 1212 4135 1254 4185; x_wconf 75' lang='lat' dir='ltr'><strong>gr.</strong></span> 
     </span>
     <span class='ocr_line' id='line_1_35' title="bbox 137 4202 1246 4272; baseline -0.003 -15"><span class='ocrx_word' id='word_1_273' title='bbox 137 4209 183 4258; x_wconf 84' lang='lat' dir='ltr'><strong>Gr.</strong></span> <span class='ocrx_word' id='word_1_274' title='bbox 200 4223 227 4272; x_wconf 91' lang='lat' dir='ltr'><strong>p.</strong></span> <span class='ocrx_word' id='word_1_275' title='bbox 246 4205 263 4257; x_wconf 82' lang='lat'>9</span> <span class='ocrx_word' id='word_1_276' title='bbox 281 4205 391 4256; x_wconf 87' lang='lat' dir='ltr'><strong>Preller.</strong></span> <span class='ocrx_word' id='word_1_277' title='bbox 412 4205 446 4255; x_wconf 85' lang='lat' dir='ltr'><strong>de</strong></span> <span class='ocrx_word' id='word_1_278' title='bbox 464 4203 593 4268; x_wconf 82' lang='lat' dir='ltr'><strong>Praxiph.</strong></span> <span class='ocrx_word' id='word_1_279' title='bbox 612 4220 639 4268; x_wconf 94' lang='lat' dir='ltr'><strong>p.</strong></span> <span class='ocrx_word' id='word_1_280' title='bbox 657 4202 674 4252; x_wconf 84' lang='lat'>9</span> <span class='ocrx_word' id='word_1_281' title='bbox 692 4208 748 4253; x_wconf 91' lang='lat' dir='ltr'><strong>not.</strong></span> <span class='ocrx_word' id='word_1_282' title='bbox 769 4203 788 4268; x_wconf 87' lang='lat'>†</span> <span class='ocrx_word' id='word_1_283' title='bbox 807 4203 898 4256; x_wconf 82' lang='lat' dir='ltr'><strong>Elink.</strong></span> <span class='ocrx_word' id='word_1_284' title='bbox 918 4204 1008 4254; x_wconf 88' lang='lat' dir='ltr'><strong>Sterk.</strong></span> <span class='ocrx_word' id='word_1_285' title='bbox 1024 4207 1110 4271; x_wconf 88' lang='lat' dir='ltr'><strong>symb.</strong></span> <span class='ocrx_word' id='word_1_286' title='bbox 1125 4205 1178 4256; x_wconf 90' lang='lat' dir='ltr'><strong>litt.</strong></span> <span class='ocrx_word' id='word_1_287' title='bbox 1190 4221 1246 4261; x_wconf 78' lang='lat' dir='ltr'><strong>ooo.</strong></span> 
     </span>
     <span class='ocr_line' id='line_1_36' title="bbox 137 4281 1128 4359; baseline -0.008 -13"><span class='ocrx_word' id='word_1_288' title='bbox 137 4295 236 4346; x_wconf 82' lang='lat' dir='ltr'><strong>Batav.</strong></span> <span class='ocrx_word' id='word_1_289' title='bbox 255 4293 320 4348; x_wconf 88' lang='grc'><strong>1835</strong></span> <span class='ocrx_word' id='word_1_290' title='bbox 336 4293 404 4345; x_wconf 81' lang='lat' dir='ltr'><strong>iaso.</strong></span> <span class='ocrx_word' id='word_1_291' title='bbox 418 4293 471 4345; x_wconf 88' lang='lat' dir='ltr'><strong>VII</strong></span> <span class='ocrx_word' id='word_1_292' title='bbox 484 4308 511 4359; x_wconf 93' lang='lat' dir='ltr'><strong>p.</strong></span> <span class='ocrx_word' id='word_1_293' title='bbox 525 4291 637 4358; x_wconf 83' lang='lat'>11-13)</span> <span class='ocrx_word' id='word_1_294' title='bbox 656 4296 800 4358; x_wconf 81' lang='lat' dir='ltr'><strong>praeoptat</strong></span> <span class='ocrx_word' id='word_1_295' title='bbox 811 4281 1002 4356; x_wconf 73' lang='grc' dir='ltr'><strong>Δεξιφάνους.</strong></span> <span class='ocrx_word' id='word_1_296' title='bbox 1127 4326 1128 4331; x_wconf 36' lang='grc'><strong>.</strong></span> 
     </span>
    </p>
   </div>
   <div class='ocr_carea' id='block_1_8' title="bbox 0 0 1486 5018">
    <p class='ocr_par' dir='ltr' id='par_1_8' title="bbox 0 0 1486 5018">
     <span class='ocr_line' id='line_1_37' title="bbox 0 0 1486 5018; baseline 0 2"><span class='ocrx_word' id='word_1_297' title='bbox 0 0 1486 5018; x_wconf 95' lang='lat' dir='ltr'><strong> </strong></span> 
     </span>
    </p>
   </div>
  </div>
 </body>
</html>
