2962 5018
1197 430 1258 492 293

144 583 304 648 tosthenis
326 583 428 647 fuisse
448 584 578 666 referat,
601 586 693 649 nisus
716 586 816 651 schol.
840 588 925 676 qu.
948 593 1020 654 958.
1066 591 1166 657 Porro
1185 596 1258 658 Ari·

146 683 313 770 stophanis
336 683 490 768 Byzantii
509 685 758 773 Aristarcbique
780 692 987 754 recensiones
1008 698 1258 760 commentarios

146 784 493 871 commentariolosque
516 787 603 872 quod
624 789 755 872 attinet,
779 791 834 875 qui
857 793 1003 877 potuisse
1026 791 1096 856 fieri
1121 795 1257 862 arbitra-

56 965 58 967 ,
146 888 191 951 ris
209 895 246 950 ut
268 885 482 972 Symmachus
510 888 661 953 manibus
687 900 843 956 tractaret
864 914 1020 978 suamque
1042 893 1077 955 in
1096 894 1258 963 collectio-

146 1011 221 1053 nem
243 989 285 1053 ad
305 987 443 1052 verbum
463 989 714 1054 transscriberet
742 992 853 1078 (quam
875 994 1070 1057 sententiam
1091 998 1256 1064 mordicus

145 1098 235 1154 tenet
256 1089 445 1154 Schneider.
468 1111 499 1175 p.
514 1093 553 1154 58
577 1088 650 1153 coll.
674 1091 774 1156 schol.
799 1091 883 1178 qu.
908 1093 995 1178 752),
1018 1118 1155 1181 quorum
1178 1123 1256 1186 qua-

146 1191 323 1277 lescunque
340 1189 587 1255 observationes
610 1191 767 1255 credibile
789 1201 900 1256 estne
925 1193 1106 1281 Didymum
1125 1200 1256 1285 quidem

146 1316 163 1356 e
181 1292 284 1375 libris,
306 1301 342 1355 ut
355 1291 457 1356 verbo
472 1301 555 1374 utar,
579 1290 795 1376 originalibus
811 1294 957 1378 potuisse
974 1297 1173 1383 protrahere,
1198 1303 1258 1367 sed

145 1394 313 1480 operosius
335 1391 400 1456 huc
421 1401 453 1457 et
471 1392 548 1455 illuc
570 1396 895 1478 circumspectantem
915 1417 933 1458 e
954 1396 1186 1484 discipulorum
1202 1401 1255 1468 de

144 1517 233 1558 mum
255 1493 348 1558 libris
368 1496 513 1580 undique
534 1494 724 1579 conquisitis
743 1497 952 1560 excussisse?
974 1498 1065 1578 Quas
1087 1501 1253 1571 molestias

145 1619 202 1660 cur
234 1604 308 1682 post
334 1595 472 1682 Didymi
504 1616 599 1658 curas
628 1595 745 1657 iterum
777 1597 909 1682 proprio
938 1598 1044 1663 Marte
1075 1602 1258 1667 exantlaret

145 1695 373 1783 Symmachus,
397 1696 524 1759 etiamsi
543 1695 769 1784 copiosissimo
787 1696 876 1760 illius
897 1707 1056 1784 apparatu
1079 1700 1187 1766 adhuc
1207 1704 1257 1767 uti

30 1877 34 1884 Ι
143 1799 319 1885 potuisset,
354 1804 390 1858 ut
411 1795 559 1880 profecto
581 1817 647 1860 non
671 1797 791 1881 potuit,
827 1818 944 1862 caussa
964 1822 1016 1864 me
1035 1800 1146 1866 hercle
1165 1803 1257 1868 nulla

144 1909 224 1964 erat.
268 1895 587 1981 Aristophanem
616 1897 716 1981 igitur
737 1897 901 1983 Didymus
927 1902 1093 1985 cognitum
1114 1901 1257 1969 habebat
1302 1971 1308 1980 ‚

142 1998 260 2083 partim
288 2018 330 2060 ex
355 1996 563 2061 Artemidoro
587 1996 945 2085 Pseudoaristophaneo
975 2002 1135 2088 appellari
1161 2004 1256 2070 solito

145 2095 267 2184 (Rank.
280 2096 358 2160 Hes.
376 2101 498 2162 roa-9
512 2098 664 2162 Schneid.
677 2123 709 2185 p.
724 2101 790 2187 93),
810 2102 902 2164 euius
924 2100 989 2165 fide
1009 2104 1108 2166 etiam
1123 2104 1255 2189 Apollo·

141 2199 215 2262 nius
245 2197 415 2263 Chaeridis
444 2199 578 2264 affertur
609 2199 731 2286 Vespp.
758 2203 853 2282 1231,
881 2204 1000 2287 partim
1025 2223 1043 2264 e
1065 2202 1257 2268 Timachida

142 2300 270 2365 Rhodio
299 2300 408 2364 studia
436 2322 495 2364 sua
521 2301 565 2365 ad
586 2300 818 2386 Aristophanis
841 2301 1020 2366 lexioorum
1044 2303 1257 2368 imitationem

143 2408 370 2487 componente,
403 2409 471 2464 tum
502 2423 520 2464 e
547 2400 695 2464 Diodoro
726 2400 966 2486 Aristophaneo
997 2401 1143 2488 (Thesm.
1168 2404 1256 2487 389),

144 2503 321 2589 deniquae
345 2499 532 2566 Callistrato
555 2502 640 2563 inter
655 2500 808 2586 Byzantii
833 2501 975 2566 asseclas
999 2501 1097 2565 facile
1114 2504 1257 2566 maxime

143 2605 336 2690 conspicuo,
358 2600 656 2666 Aristarcheae
675 2600 857 2664 sedulitatis
875 2602 1052 2685 imaginem
1067 2601 1130 2665 sibi
1145 2603 1257 2667 adum·

142 2707 251 2772 bravit
282 2705 423 2793 primum
450 2701 625 2766 Ammonio
659 2701 834 2765 cathedrae
862 2701 1022 2766 diadocho
1048 2723 1145 2784 usus,
1180 2703 1256 2767 dein

141 2806 333 2894 Apollonio,
369 2804 461 2867 cuius
490 2822 590 2887 supra
616 2801 764 2882 memini,
796 2802 894 2865 tertio
924 2801 1060 2868 Seleuco
1080 2803 1256 2870 Homerico

143 2911 190 2995 (v.
220 2904 337 2970 Philol.
371 2904 423 2968 ΠΙ
455 2926 487 2989 p.
516 2903 696 2987 sas-59),
731 2912 894 2989 postremo
930 2904 1099 2970 Demetrio
1138 2907 1256 2973 Ixione

144 3009 393 3093 Adramytteno,
406 3025 502 3093 quem
512 3002 705 3068 Aristarcho
721 3005 903 3068 constantia
919 3027 1045 3069 summa
1057 3029 1152 3072 usum
1168 3007 1256 3073 oblo-

143 3118 253 3176 cutum
276 3130 348 3172 esse
369 3105 533 3193 proditum
553 3114 611 3169 est.
649 3104 678 3167 Ε
702 3104 833 3169 scholae
852 3105 1074 3190 Pergamenae
1096 3129 1256 3194 gramma·

142 3213 217 3276 ticis
240 3208 388 3275 adhibuit
411 3206 575 3270 Oratetem
598 3216 630 3272 et
655 3206 855 3271 Herodicum
880 3205 1085 3292 Crateteum,
1115 3210 1170 3274 vel
1189 3210 1256 3276 He·

143 3312 247 3379 rodici
278 3310 343 3375 fide
376 3308 553 3373 Mallotem.
599 3309 727 3390 Quibus
752 3308 883 3372 tertium
912 3308 998 3374 addo
1019 3310 1257 3396 Apollodorum

143 3413 338 3479 Tarsensem
359 3412 480 3497 (Rann.
505 3411 599 3496 323),
622 3413 791 3497 egregium
809 3408 961 3495 lyticum,
985 3431 1003 3473 e
1025 3411 1139 3476 scholl.
1159 3414 1257 3477 etiam

142 3514 332 3600 Euripideis
353 3511 508 3591 notum¹).
543 3511 627 3576 Nam
650 3513 672 3576 l.
692 3511 713 3576 l.
737 3515 900 3595 integrum
922 3510 1100 3597 eDidymo
1121 3512 1258 3577 fluxisse

143 3615 242 3679 fidem
269 3614 350 3677 facit
376 3610 564 3697 Hesychius
594 3636 620 3676 s.
644 3636 676 3677 v.
708 3607 940 3694 Διαγόρας·
968 3606 1132 3690 διόδωρος
1156 3611 1202 3696 (h.
1227 3634 1256 3676 e.

139 3709 359 3795 Ἡλιόδωρος,
387 3733 470 3775 corr.
497 3707 763 3798 Ἀπολλόδωρος)
791 3705 810 3776 ὁ
836 3708 988 3791 Ταρσεὺς
1010 3704 1256 3792 ἀναγιγνώσκει

143 3816 318 3898 περισπῶν
339 3805 388 3875 δι’
412 3806 537 3896 ἀγορᾶς
558 3810 624 3877 uti.
647 3812 740 3893 Quae
761 3811 899 3897 Didymi
919 3810 1026 3878 lexico
1048 3813 1171 3878 comico
1196 3813 1258 3876 ori-

143 3918 255 4002 ginem
278 3912 408 3978 debent.
430 3912 485 3977 Ex
507 3913 621 3978 eodem
640 3910 807 3998 Hesychio
830 3922 965 3998 apparet
986 3913 1125 3977 aliorum
1147 3914 1258 3977 trium·

144 4018 252 4081 virum
271 4015 459 4080 memoriam
474 4014 619 4101 Didymo
636 4014 758 4096 deberi,
779 4015 986 4098 Antigoni
1005 4015 1138 4100 inquam
1162 4016 1203 4100 (s.
1224 4037 1257 4078 v.

212 4254 241 4318 l)
266 4258 327 4308 Hoc
352 4258 444 4309 nescio
474 4273 522 4309 cur
545 4255 740 4318 Schneiderus‚
769 4256 815 4321 qui
838 4271 866 4323 p.
891 4256 927 4306 90
952 4256 1011 4320 ipse
1036 4253 1142 4318 attulit,
1171 4270 1198 4322 p.
1224 4255 1260 4306 94

140 4345 298 4411 neglexerit.
