2948 5024
1225 388 1265 448 73

152 555 286 621 turbata
305 555 462 620 nonnulla
484 578 556 622 csso
583 565 680 644 atque
709 556 792 622 adeo
815 556 979 622 excidisse
1001 576 1022 619 a
1041 555 1263 622 verisimilitu-

154 657 232 723 dine
252 656 340 723 haud
363 657 547 723 abhorreat.
834 665 841 673 '

683 793 735 855 37.

236 910 351 999 Neque
370 911 411 976 dc
435 910 535 975 schol.
549 909 591 973 ad
604 910 661 973 Ar.
676 908 753 974 Pac.
770 912 831 974 959
844 909 956 999 liquet,
980 886 1066 996 quod
1079 909 1199 974 omissa
1210 930 1265 973 vo-

152 1013 199 1077 cis
221 1009 341 1078 daitsov
364 1012 581 1098 explicatione
615 1032 688 1075 cum
711 1010 879 1098 Hesychia
905 1012 1104 1098 comparatio
1139 1011 1267 1074 institui

152 1115 281 1200 nequit,
311 1135 506 1203 quamquam
527 1112 672 1199 Hesych.
696 1136 722 1178 s.
744 1137 777 1179 v.
803 1109 922 1179 διὶλιον
948 1121 1061 1200 aperte
1084 1113 1170 1176 hunc
1191 1112 1266 1176 Ari-

152 1215 321 1302 stophanis
343 1214 451 1280 locum
470 1217 614 1303 respicit.
665 1214 758 1279 Haec
776 1217 865 1279 enim
887 1213 989 1280 schol.
1018 1210 1061 1278 sd
1097 1210 1264 1278 δᾰλιον·

153 1314 189 1383 τὸ
218 1311 314 1400 ὕδωρ
343 1312 489 1383 ἐδόκουν
516 1321 696 1399 καθαίρειν
722 1310 972 1402 &caprimontis
1000 1340 1032 1380 τι
1059 1320 1122 1381 τοῦ
1144 1313 1262 1401 πυρός.

152 1424 221 1484 κιλ.
252 1415 341 1484 οὕτω
368 1415 424 1484 διὰ
446 1422 508 1484 τοῦ
534 1426 553 1484 λ
578 1413 595 1483 ὁ
627 1413 690 1501 τὴν
712 1417 865 1504 κωμικὴν
887 1419 977 1498 λέξιν
998 1415 1159 1502 γράψαμ)
1180 1412 1264 1482 ἄνα-

152 1520 342 1606 γιγνώσκει.
398 1521 584 1609 Hesychius
612 1542 708 1602 vero,
743 1541 816 1583 cum
842 1524 1056 1603 ΔΑιΔΙΟΝ,
1078 1520 1165 1607 quod
1184 1520 1216 1585 h.
1240 1520 1262 1585 l.

152 1623 300 1689 nonnulli
322 1623 569 1710 praeoptabant,
590 1643 657 1686 non
679 1620 808 1703 habeat,
831 1621 890 1686 sed
906 1625 1088 1687 ΔΑΛΙΟΝ
1110 1620 1265 1686 exhibeat

152 1727 200 1790 sic
217 1733 292 1811 apte
314 1731 500 1788 enarratum
521 1718 650 1787 δαλόν
671 1722 708 1787 ἐν
731 1734 801 1800 ταῖς
823 1722 1021 1804 [sponsasse
1043 1717 1183 1788 εἰώθασι
1203 1718 1264 1786 τὸν

152 1821 258 1890 δαλὸν
278 1821 457 1908 ἐμβάλλειν
479 1826 527 1901 εἰς
544 1820 607 1907 τὴν
627 1824 766 1908 χέρνιβα
788 1821 843 1888 καὶ
861 1823 1092 1909 περιρραίνειν
1110 1821 1171 1889 adv
1192 1829 1262 1908 βω-

151 1923 235 2013 μόν,
267 1927 365 1991 istum
387 1927 501 1992 comici
529 1927 628 1991 lexici
651 1926 851 1991 conditorem
879 1932 935 1989 aut
957 1925 1126 1991 Theonem
1148 1936 1205 1991 aut
1227 1949 1263 1991 re

150 2051 231 2095 vera
253 2028 434 2116 Didymum
458 2027 714 2113 intellegendum
744 2049 815 2091 esse
838 2029 986 2115 suspicor
1012 2029 1109 2093 toties
1132 2027 1174 2092 ab
1197 2028 1262 2093 He-

151 2130 265 2219 sychio
288 2130 483 2218 expilatum,
503 2153 609 2218 neque
633 2131 674 2194 de
693 2127 870 2193 Palamede
891 2129 1030 2216 amplius
1053 2131 1261 2217 cogitandum

151 2256 238 2316 esse,
267 2255 285 2297 e
307 2254 371 2320 quo
392 2230 552 2296 Methodii
574 2232 664 2297 fonte
686 2232 826 2296 fortasse
847 2230 930 2296 nihil
951 2233 985 2296 in
1008 2233 1168 2321 Hesychii
1197 2235 1261 2298 far-

150 2337 297 2421 raginem
317 2334 456 2399 transiit.
486 2332 623 2421 Didymi
641 2332 773 2398 lexicon
786 2333 1045 2420 intellegendum
1068 2357 1140 2400 esse
1164 2335 1262 2400 etiam

149 2461 201 2525 ap.
235 2436 337 2502 schol.
365 2435 408 2520 ad
429 2437 488 2499 Ar.
511 2434 599 2500 Avv.
632 2437 691 2499 122
719 2435 806 2521 (cod.
835 2435 953 2501 Venet.
983 2437 1059 2522 474)
1091 2430 1200 2514 οὕτως
1223 2437 1260 2502 ἐν

149 2543 196 2628 cpi
218 2540 336 2626 λεξικῷ
357 2559 456 2625 supra
477 2560 509 2624 p.
532 2538 584 2601 65.
606 2534 862 2599 demonstratum
885 2544 945 2600 est.

235 2640 331 2722 Quod
356 2640 444 2704 enim
464 2646 594 2725 praeter
616 2637 865 2701 commentarios
886 2636 1026 2724 Didymi
1051 2640 1149 2703 etiam
1171 2638 1262 2706 lexin

149 2744 220 2808 eius
242 2741 392 2807 adhibuit
412 2737 642 2828 Symmachus,
665 2737 896 2824 Aristophanis
919 2739 1095 2825 interpres,
1118 2762 1183 2805 non
1203 2743 1262 2806 mi-

148 2866 230 2925 rum,
254 2865 346 2926 cum,
369 2842 446 2907 licet
464 2840 606 2929 plurima
628 2862 647 2903 e
667 2840 909 2904 commentariis
933 2842 1000 2904 suis
1021 2842 1055 2904 in
1069 2841 1260 2930 Aristopha-

148 2968 222 3011 nem
255 2945 424 3010 Cratinum
453 2942 597 3030 Eupolin
622 2940 846 3028 Phrynichum
872 2942 1087 3008 Menandrum
1119 2944 1154 3007 in
1188 2944 1259 3009 bre-

147 3048 221 3112 vius
250 3055 417 3111 contracta
444 3046 478 3109 in
505 3045 665 3108 comicum
690 3042 819 3108 lexicon
843 3045 1050 3110 transtulisse
1079 3045 1259 3135 Didymum

147 3149 365 3215 demonstrari
379 3147 497 3234 possit,
518 3155 628 3211 tamen
643 3145 696 3209 hic
711 3144 780 3209 illic
803 3170 875 3212 eum
892 3156 1034 3213 mutasse
1054 3152 1258 3232 sententiam,

146 3249 303 3315 recidisse
337 3248 509 3331 nonnulla,
542 3248 711 3313 addidisse
744 3248 823 3333 alia,
859 3260 1056 3318 retractasse
1091 3251 1260 3338 complura

145 3350 316 3439 probabile
338 3352 390 3416 sit.

673 3487 725 3551 38.

230 3604 419 3672 Athenaeus
440 3627 579 3693 quoquc,
602 3605 655 3670 cui
670 3604 807 3691 Didymi
830 3610 1054 3672 commentarii
1079 3609 1122 3674 ad
1142 3633 1258 3675 manus

145 3707 288 3791 fuerunt,
310 3708 443 3795 insuper
465 3709 571 3773 lexico
594 3709 663 3773 eius
685 3716 742 3771 aut
763 3707 926 3793 Pamphili
949 3710 1057 3793 potius
1080 3711 1257 3797 farragine,

144 3812 180 3874 in
202 3832 300 3898 quam
323 3809 461 3897 Didymi
488 3807 656 3874 volumina
679 3817 812 3894 recepta
833 3817 924 3890 sunt,
946 3811 994 3873 uti
1016 3811 1152 3876 solebat.
1197 3814 1259 3878 Pa·

144 3920 192 3976 tet
226 3910 287 3976 hoc
315 3934 358 3976 ex
379 3911 501 3977 Athen.
524 3909 576 3973 XI
608 3930 641 3995 p.
662 3908 775 3972 4870
809 3909 887 3990 (vol.
921 3909 956 3973 ΙΙ
983 3934 1015 3998 p.
1049 3916 1129 3977 1093
1161 3914 1256 4000 Ddf.)

217 4170 240 4235 Ι)
260 4170 404 4224 Consuluit
422 4173 555 4236 interpres
573 4170 764 4235 Aristophanis
784 4169 1003 4239 (Symmachus‘l)
1031 4180 1058 4225 et
1082 4176 1190 4242 Didymi
1209 4178 1256 4245 hy-

143 4262 318 4322 pomnemsta
341 4265 368 4310 et
386 4260 493 4310 lexicon
514 4259 661 4322 cornicum,
694 4259 734 4309 nti
760 4260 893 4323 interpres
919 4254 1002 4311 Lanr.¹
1026 4262 1168 4328 Sophoclis
1184 4271 1255 4318 teste

142 4345 243 4397 Trach.
262 4362 289 4397 v.
311 4346 376 4399 1161
397 4351 425 4398 st
442 4347 651 4398 commentarios
665 4353 692 4396 et
710 4339 786 4408 λέξιν
804 4339 941 4413 τραγικήν
960 4349 1087 4416 inspexit.
