2962 5018
1178 422 1240 483 275

133 579 331 644 Τ16.661161.
360 582 417 646 01.
439 584 513 646 488.
537 586 608 646 714.
636 585 726 647 1038.
762 583 840 645 1287
868 580 968 667 Hipp.
994 587 1053 648 172
1082 585 1156 649 Alc.
1180 588 1240 651 238

133 679 366 764 Ρ116611.886).
450 705 452 707 ’

216 782 289 846 Η66
318 783 419 867 igitur
444 784 690 850 Alexandrinae
718 783 834 848 aetatis
863 782 976 867 copiae
1006 806 1078 849 cum
1099 789 1134 851 in
1156 808 1240 851 com·

130 884 243 969 pendii
262 883 400 947 formam
420 895 518 971 atque
541 886 690 950 ordinem
713 883 865 947 redactae
880 893 1004 969 essent,
1026 888 1240 971 gliscentibus
1260 938 1263 945 .

131 986 226 1047 annis
262 1006 304 1048 ex
336 1007 494 1069 perversa
529 988 713 1073 sequiorum
746 986 1033 1068 grammaticorum
1066 988 1240 1053 sedulitate

130 1088 364 1149 incrementum
386 1087 473 1152 haud
498 1089 594 1151 nimis
618 1087 738 1150 lactum
756 1096 922 1173 ceperunt.
956 1087 985 1150 E
1008 1091 1240 1172 grammaticis,

129 1209 209 1273 quos
227 1186 449 1251 additamenta
471 1190 535 1252 ista
557 1197 775 1270 anstetantur,
796 1189 942 1276 Didymo
968 1199 1075 1255 aetate
1096 1191 1237 1276 proximi

131 1297 207 1350 sunt
231 1286 486 1353 Philoxenus
517 1290 655 1376 (Phaon.
679 1290 755 1374 261)
785 1290 983 1355 Irenaeus
1013 1289 1115 1377 (Med.
1140 1289 1241 1352 222?

131 1389 227 1470 431),
248 1391 439 1454 remotiores
454 1390 720 1455 Herodianus
741 1391 1005 1476 Phrynichus
1026 1390 1127 1478 (Med.
1144 1390 1240 1474 1616)

131 1488 383 1553 Plutarchus
408 1491 496 1578 (Alc.
523 1491 618 1572 1138)
648 1491 877 1556 Helladius
901 1492 1002 1578 (Med.
1020 1492 1096 1570 610)
1116 1489 1241 1554 Liba·

131 1592 227 1654 nius
263 1590 400 1676 (Phoen.
438 1593 526 1673 283).
578 1591 686 1655 Huius
714 1592 910 1669 scholiorum
935 1592 1136 1657 recensionis
1167 1591 1240 1676 quis

131 1690 345 1756 fundamenta
379 1694 507 1774 iecerit,
540 1695 739 1777 ignoramus.
796 1693 849 1757 Ex
882 1692 1121 1779 subscriptione
1155 1692 1241 1755 enim

130 1792 253 1855 codicis
275 1791 384 1856 Havn.
408 1794 488 1857 Eur.
512 1794 569 1858 01.
595 1796 675 1857 1686
696 1816 716 1857 a
742 1794 982 1859 Friedemanno
1006 1793 1094 1858 edita
1115 1794 1150 1856 in
1166 1792 1241 1856 See-

130 1891 221 1956 bodii
242 1893 334 1956 misc.
362 1895 434 1958 orit.
468 1918 500 1980 p.
521 1898 579 1958 481
617 1894 701 1981 (MS.
727 1894 812 1960 OOC
839 1895 902 1960 Gu.
934 1894 1241 1979 111.21“161.6)61

131 1993 252 2058 Taetza
275 1993 362 2058 haud
390 1997 436 2058 116
467 1995 604 2059 maltum
630 1996 712 2059 lucri
739 2005 961 2082 reportamus,
992 1995 1080 2082 quod
1109 1995 1165 2082 qui
1192 1991 1240 2057 ibi

131 2094 306 2160 laudantur
319 2096 488 2182 Euripidis
510 2096 834 2183 hypomnematistae,
849 2100 1030 2186 Dionysius
1045 2096 1158 2161 Grates
1176 2095 1242 2158 Eu·

130 2195 250 2278 clides,
283 2200 433 2283 quamvis
462 2198 532 2261 sine
564 2197 663 2262 dubio
686 2197 833 2284 Didymo
861 2200 1057 2285 posteriores
1084 2198 1240 2276 vixerint,

130 2303 239 2361 tamen
257 2297 345 2362 haud
366 2301 433 2363 scio
456 2321 498 2362 au
520 2299 652 2364 Libanii
675 2307 814 2364 aetatem
836 2301 1045 2382 antecedant,
1066 2308 1103 2362 ut
1123 2299 1158 2361 hi
1178 2298 1242 2383 ipsi

131 2398 308 2479 secundae,
338 2399 394 2462 alii
416 2403 528 2463 nescio
553 2400 608 2485 qui
638 2400 753 2461 tertiae
774 2401 943 2465 cuiusdam
964 2400 1164 2464 recensionis
1187 2419 1242 2462 au·

131 2508 236 2563 ctores
256 2498 398 2563 habendi
421 2501 496 2563 sint.
541 2499 704 2585 Equidem
725 2500 760 2562 in
784 2498 870 2563 hanc
891 2502 1110 2586 suspicionem
1129 2498 1241 2579 incidi,

130 2601 267 2686 primam
292 2599 487 2665 scholiorum
507 2602 732 2687 compaginem
746 2601 908 2687 Didymo,
930 2601 1106 2666 secundam
1126 2597 1243 2675 deberi

131 2702 322 2766 Alexandro
359 2702 532 2789 (Androm.
565 2707 602 2765 17
629 2702 686 2766 Or.
714 2704 794 2765 1369
820 2696 849 2787 [ὁ
871 2696 1241 2786 ὑπομνηματισάμενος,

131 2804 187 2890 qui
200 2803 365 2889 Didymus
382 2827 448 2869 non
466 2804 527 2892 est]
550 2803 650 2868 schol.
670 2803 774 2867 Arist.
790 2802 896 2866 Rann.
920 2802 1013 2885 8641)
1036 2813 1078 2868 61.
1103 2825 1145 2866 nr.
1172 2807 1241 2884 145,

132 2906 151 2966 2
172 2899 353 2988 ἁρμάτειον
375 2906 498 2988 μέλος),
522 2907 577 2992 qui
594 2904 781 2968 Palamedis
799 2903 939 2968 Eleatici
951 2907 1049 2969 aetati
1073 2906 1241 2992 proximus

132 3005 192 3070 sub
221 3007 267 3071 M.
297 3007 464 3072 Antonino
493 3007 575 3094 Imp.
605 3007 681 3088 11111,
716 3006 846 3069 tertiam
875 3006 1033 3094 denique,
1070 3007 1240 3094 Byzantiis

131 3107 344 3194 scriptoribus
365 3117 485 3192 notam,
507 3118 582 3195 post
596 3107 794 3192 Dionysium
812 3105 976 3173 Oratetem
992 3108 1165 3173 Euclidem
1185 3106 1241 3170 ab·

132 3201 271 3273 solutam
294 3232 383 3293 esse,
410 3233 547 3298 quorum
575 3218 714 3278 aetatem
737 3231 780 3274 ex
806 3210 906 3274 schol.
928 3210 1026 3275 Hom.
1050 3210 1089 3274 Il.
1113 3213 1144 3273 A
1163 3212 1182 3269 5
1205 3206 1242 3270 li·

131 3319 183 3375 661
205 3312 351 3378 delinire.
407 3312 612 3400 Quamquam
640 3314 669 3377 si
690 3311 872 3396 Dionysius
901 3310 964 3376 fuit
986 3314 1128 3376 musicus
1150 3308 1243 3372 Hali·

131 3415 370 3498 carcassensis,
392 3415 488 3481 huius
512 3424 543 3480 et
562 3414 701 3500 Didymi
715 3412 808 3477 libris
823 3412 1014 3477 Alexander
1028 3409 1242 3497 Ootyaeensis

130 3535 208 3577 usus
237 3524 296 3579 est.
340 3517 424 3582 Utut
452 3528 515 3599 est,
550 3518 612 3580 hoc
640 3514 764 3579 scholia
791 3514 946 3577 attentius
972 3511 1153 3598 perlegenti
1181 3508 1242 3571 sub

131 3613 242 3677 oculos
270 3615 373 3699 cadit,
402 3640 419 3680 6
448 3617 579 3703 duplice
613 3615 900 3700 hypomnematum
925 3633 1046 3696 genere
1075 3612 1242 3676 diversum

130 3714 300 3777 consilium
324 3725 434 3780 secuto
461 3715 545 3780 hanc
566 3716 767 3799 farraginem
789 3713 962 3777 conflatam
983 3733 1072 3792 esse,
1104 3732 1241 3797 quorum

130 3824 257 3901 partem
279 3817 414 3880 alteram
434 3815 603 3902 Euripidis
626 3814 877 3895 obtrectatores,
900 3812 1036 3876 alteram
1056 3813 1243 3877 laudatores

131 3918 247 3983 merito
271 3918 404 3983 dixeris.
449 3919 558 4004 Atque
579 3915 638 3979 hos
661 3915 809 4001 quidem,
839 3915 893 4000 qui
916 3914 1028 3977 divino
1049 3913 1143 3999 quasi
1165 3932 1242 3998 quo-

132 4021 207 4085 dam
228 4020 342 4086 asflatu
365 4019 518 4084 concitati
546 4017 659 4082 laudes
681 4025 794 4103 poetae
819 4023 1074 4103 persequuntur,
1106 4012 1243 4099 Didymi

205 4262 229 4328 1)
248 4261 402 4313 Alexander
419 4262 504 4327 igitur
518 4257 656 4324 Euripidis
674 4258 748 4308 vitae
766 4262 808 4308 est
826 4261 936 4319 auctor,
960 4271 1041 4321 quam
1057 4254 1180 4305 Ritterus
1198 4253 1245 4302 Di-

132 4348 212 4413 dymo
230 4349 361 4399 vindicat.

972 4418 1035 4483 18*
