2948 5024
660 429 867 492 ,Η-

212 636 248 690 ut
278 625 444 690 simillima
472 627 614 692 evadant
648 596 726 712 ζηνά
755 643 784 694 οι
805 596 902 712 ξηράν.
947 628 1038 693 Idem
1061 629 1182 694 accidit
1202 632 1232 694 Θ
1254 632 1327 712 378,

212 728 325 792 ubi·in
350 729 408 792 BL
432 738 481 793 est
496 723 702 818 Ἡρῳδιανός
721 731 756 794 in
777 732 808 796 V
829 727 1030 814 Ζηνόδοτος.

298 833 372 895 339.
392 835 434 894 εί
450 853 561 896 τινα·
579 826 790 917 Ἀρίσταρχος
811 827 860 898 ὅν
881 856 987 900 τινα.
1010 835 1052 897 A.

300 936 372 997 354.
396 926 487 996 οὕτω
509 936 586 998 νῦν
608 936 645 1000 αλ
660 930 889 1019 Ἀριστάρχου.
912 936 953 999 Α.
1298 1002 1301 1008 ,

299 1038 373 1098 415.
408 1033 688 1102 ναιετάουσαν·
717 1031 929 1123 Ἀρίσταρχος
965 1030 1022 1102 διὰ
1053 1038 1115 1101 τοῦ
1145 1058 1164 1100 ο
1197 1030 1330 1100 ναιετά-

217 1153 320 1203 φσαν.
341 1138 384 1202 A.
1312 1146 1313 1149 ’

299 1241 373 1304 432.
396 1233 504 1317 οὕτως
522 1235 732 1325 Ἀρίσταρχος
754 1235 810 1305 διά
834 1243 896 1304 τοῦ
917 1263 950 1323 η,
973 1234 1089 1324 θήής.
1113 1238 1154 1302 A.

301 1344 374 1404 434.
405 1337 513 1419 οὕτως
536 1336 747 1426 Ἀρίσταρχος
774 1337 972 1427 ἀμβατος,
1000 1342 1247 1419 Καλλίστρατος
1273 1334 1330 1403 3ιά

215 1446 278 1508 τοῦ
297 1466 318 1526 η
340 1437 482 1529 ἀμβάτη.
500 1443 543 1508 A.
580 1458 587 1475 ‘·

301 1548 374 1611 437.
395 1541 622 1628 Ἀτρείδας·
649 1539 668 1610 ὁ
687 1540 791 1623 Ἰξίων
810 1543 847 1609 ἐν
868 1548 915 1632 τῷ
940 1538 1025 1627 πρὸς
1053 1539 1134 1620 τούς
1161 1536 1330 1626 ηθετημί-

216 1670 299 1724 νους
315 1641 503 1731 Ἀτρείδα
524 1645 728 1731 προφέρεται
750 1647 886 1723 avennis.
909 1647 949 1710 A.

301 1753 374 1812 475.
385 1745 662 1834 Ἀρίσταρχοςθιά
675 1749 786 1831 τοῦθ,
810 1741 899 1812 εἷπε.
918 1741 953 1812 θ’
970 1744 1264 1831 ἐπευξάμενος.
1288 1746 1330 1810 Α.

303 1854 388 1930 [479.
408 1847 621 1936 Ἀρίσταρχος
642 1850 678 1916 δὲ
701 1845 857 1934 πατρός
879 1843 914 1932 μ’
937 1842 1012 1914 ὅδε
1035 1845 1169 1933 γράφει.
1190 1847 1246 1924 V.]

305 2092 335 2150 5.
358 2087 450 2153 ἐπεί
474 2109 534 2152 ιιε·
555 2080 664 2164 οὕτως
683 2080 912 2170 Ἀρίσταρχος·
935 2079 953 2149 ὁ
975 2081 1144 2162 Σιδώνιος
1163 2084 1200 2149 δὲ
1227 2082 1332 2170 ἐπήν

219 2213 281 2276 ιιε,
305 2181 477 2269 nimii?
502 2180 552 2251 ἀν
572 2182 801 2272 ιιενἈρης’.
825 2186 899 2252 AV.

305 2297 335 2357 6.
360 2289 630 2368 ἐλαύνοντες·
657 2285 732 2355 κατ’
755 2291 829 2355 ἔνια
850 2292 920 2353 τῶν
940 2283 1193 2373 ὑπομνημάτων
1215 2288 1330 2370 ἐρίσ-

220 2410 374 2471 σοντες.
397 2394 451 2477 Α.,
471 2393 514 2457 ο1’.
539 2416 570 2459 v.
594 2397 645 2458 95.

306 2503 336 2561 7.
357 2492 427 2561 τά·
446 2490 631 2580 Ἀμμώνιος
653 2493 691 2560 ἐν
711 2496 758 2582 τῷ
777 2487 862 2577 πρὸς
881 2487 1087 2575 Ἀθηνοκλία
1109 2495 1177 2557 τοί
1201 2495 1332 2578 προφέ-

221 2623 314 2685 ρεται
335 2601 584 2682 πληθυντικῶς.
605 2597 648 2662 A.

309 2703 338 2765 8.
361 2697 568 2784 φανήτην·
591 2694 700 2775 οὕτως
717 2690 928 2780 Ἀρίσταρχος
949 2697 1084 2774 θνϊιιολς.
1106 2698 1148 2762 A.

310 2803 358 2865 12.
379 2804 481 2867 λῦσε
503 2799 562 2866 δέ·
582 2795 793 2885 Ἀρίσταρχος
812 2795 938 2863 λύντο
961 2796 1014 2862 δέ.
1036 2800 1078 2863 A.

307 2905 359 2968 32.
394 2895 495 2986 ὑμῖν
526 2896 778 2986 ἀθανάτῃσι·
812 2894 1002 2980 Ζηνόδοτος
1031 2895 1332 2966 ἀθανάτοισιν.

223 3005 260 3069 ἐν
282 3002 397 3087 μέντοι
419 3006 460 3088 τῇ
477 2997 740 3088 Ἀριστοφάνους
762 2995 864 3085 ὑμῖν
883 2995 1180 3089 άμφοτε’ρησιυμ
1198 2997 1274 3086 εἶχε,
1294 3007 1334 3088 τῇ

220 3101 349 3191 Ἀθηνᾷ
368 3103 423 3168 καί
442 3109 482 3190 τῇ
495 3098 599 3192 Ἥρη·
624 3101 688 3171 οὐκ
710 3102 897 3184 ἀπιθάνως.
920 3103 962 3167 Α.

260 3199 262 3203 ’
309 3209 361 3268 41.
380 3198 684 3290 ἀγασσάμενοι·
704 3203 916 3291 Ἀρίσταρχος
937 3207 992 3272 διά
1015 3213 1077 3272 τοῦ
1099 3230 1117 3272 ο
1147 3199 1336 3290 ἀγασσά-

224 3331 357 3393 μενοι.
381 3309 422 3371 A.
450 3306 581 3371 Abhinc
602 3331 686 3395 quae
707 3311 860 3396 leguntur
881 3310 985 3375 verba
1006 3310 1185 3375 Aristonici
1208 3317 1293 3372 sunt.

311 3413 362 3473 64.
387 3402 599 3493 Ἀρίσταρχος
616 3408 789 3495 πόντον,
813 3405 869 3477 διά
892 3415 955 3477 τοῦ
976 3436 1008 3496 ν,
1042 3411 1098 3477 καὶ
1119 3403 1189 3475 ὑπ’
1217 3403 1336 3495 αὕτη,

225 3515 265 3598 τῇ
288 3514 394 3596 φρικί.
418 3504 514 3577 ἀλλοι
537 3509 573 3575 δὲ
596 3508 747 3590 πόντος
767 3507 835 3578 ὑπ’
859 3507 1001 3579 αὐτοῦ.
1031 3515 1073 3580 A.

311 3617 362 3678 73.
392 3609 491 3697 ὑμῖν
524 3609 599 3698 μὲν
631 3611 705 3698 μάρ
738 3616 875 3680 ἔασιν·
917 3616 954 3680 αί
981 3610 1199 3698 Ἀριστάρχου
1228 3607 1337 3689 οὕτως

226 3711 327 3801 ὑμίν
345 3711 379 3779 δ’
403 3715 448 3780 ἐν
470 3710 548 3799 γάρ
571 3717 703 3781 ἔασιν.
727 3717 783 3782 καί
806 3713 934 3783 ἔστιτὸ
958 3717 1050 3802 ἑξῆς·
1073 3712 1155 3801 ὑμῖν
1176 3708 1209 3778 δ’
1234 3715 1338 3778 ἔνεισι
1396 3738 1398 3741 ·

226 3814 301 3903 γάρ,
324 3815 345 3901 ἦ
357 3841 364 3856 ·
388 3817 426 3882 ἐν
448 3812 529 3903 ὑμῖν
551 3819 590 3882 δέ
609 3820 673 3884 είσι
695 3814 759 3903 γὰρ
782 3813 946 3905 ἀριστῆες.
962 3822 1004 3885 A.

312 3924 364 3985 95.
397 3921 435 3984 ἕν
466 3938 533 3984 τισι
565 3924 634 3984 ταῖν
666 3914 917 4006 ὑπομνημάτων
949 3915 1080 3987 νείκε’
1115 3913 1339 3995 ὀνειδίζων

228 4023 289 4100 ἔξω
312 4026 374 4087 τοῦ
396 4048 419 4108 ι,
448 4017 533 4088 ὥστε
562 4019 645 4087 κατὰ
664 4020 877 4108 συναλοιφὴν
896 4032 1051 4090 νοεῖσθαι
1073 4016 1110 4088 τὰ
1134 4014 1228 4103 ὑμιὲς
1250 4021 1338 4084 νεί-
1412 4084 1417 4095 ,

227 4147 305 4189 ιιεε.
328 4126 369 4189 A.

317 4229 385 4289 119.
408 4219 486 4289 άνά
505 4224 547 4290 δὲ
563 4226 676 4310 σχέο·
691 4220 901 4311 Ἀρίσταρχος
919 4221 995 4291 ἀνά
1013 4220 1047 4291 δ’
1064 4220 1235 4309 ἄνσχεο,
1255 4217 1340 4287 ἀνά-

228 4341 311 4409 σχου
326 4327 372 4390 δέ.
386 4327 426 4390 A.
442 4321 666 4416 (Ἀρίσταρχος
677 4328 732 4392 καὶ
745 4323 961 4415 Ἡρῳδιανὸς.
981 4323 1057 4392 άνά
1079 4322 1114 4392 δ’
1136 4332 1264 4410 ίσχεο.
1282 4324 1339 4410 V.)
