2962 5018
207 391 269 450 316

207 554 245 619 έν
266 557 312 641 τῷ
333 551 409 633 περὶ
430 552 488 632 τής
502 551 676 632 Φρυνίχου
698 542 870 629 θυγατρὸς
884 540 1067 627 άρκτεῦσαι
1087 551 1233 629 είρηκεν.
1262 549 1322 612 δε-

206 659 364 721 κατεῦσαι
394 653 523 736 μέντοι,
556 653 677 733 φησίν,
708 653 833 732 κυρίως
864 650 994 732 ἐλέγετο
1026 642 1064 711 τῦ
1099 653 1320 730 καθιερῶσαι,

135 801 137 805 -
205 752 385 839 ἐπειδήπερ
414 755 495 830 ἔθος
522 742 566 837 ήν
583 746 780 835 Ἑλληνικὸν
806 745 865 827 τάς
885 745 1026 826 δεκάτας
1048 752 1117 814 τῶν
1139 771 1322 834 περιγενοᾱ

206 860 319 944 μένων
339 867 408 932 τοῖς
429 863 522 933 θεοῖς
543 858 741 936 καθιεροῦν.
757 849 876 941 Μ”Ισως
897 851 934 916 δὲ
956 856 1025 916 κτλ.
1072 915 1077 927 ,

289 977 435 1041 Pertinet
461 976 543 1040 haee
570 974 757 1041 observatio
776 973 915 1038 fortasse
937 971 981 1035 ad
1005 968 1176 1034 Demosth.
1200 993 1228 1032 e.
1252 971 1322 1034 An-

205 1081 289 1145 drot.
321 1083 353 1160 §-
377 1083 417 1141 77
445 1076 499 1140 vel
527 1076 570 1140 ad
597 1097 644 1140 or.
668 1099 696 1140 ο.
726 1075 923 1139 Medontem.
969 1073 1123 1137 Ceterum
1146 1072 1187 1136 de
1207 1073 1321 1138 verbis

206 1179 283 1262 περὶ
304 1175 429 1243 τοῦτου
452 1180 585 1262 βιβλίου
607 1173 737 1260 γράψας
758 1177 882 1242 videsis
900 1197 984 1263 quae
1005 1175 1076 1239 dixi
1096 1175 1130 1238 in
1145 1182 1319 1244 comment.

208 1282 260 1346 III
282 1305 315 1368 p.
342 1281 391 1343 12.

290 1399 567 1486 Harpoer.140,9
590 1390 731 1463 ὅσιον·
754 1436 796 1444 -
816 1392 869 1464 δτι
891 1392 928 1461 δὲ
950 1390 991 1461 τά
1012 1389 1090 1459 ὅσια
1112 1390 1151 1458 τά
1176 1391 1322 1478 δημόσια

207 1504 306 1584 δηλοῖ
331 1499 556 1582 Δημοσθένης
582 1501 619 1565 έν
645 1504 691 1587 τῷ
714 1495 797 1564 κατά
830 1496 1061 1583 Τιμοκράτους
1083 1498 1200 1577 σαφῶς
1221 1492 1321 1560 διδά-

207 1620 279 1668 σκει
302 1602 378 1684 περὶ
398 1597 546 1667 τοῦτον·
571 1602 644 1666 ’καλ
663 1599 703 1666 τά
725 1600 787 1685 μὲν
808 1598 892 1684 ίερά,
914 1595 973 1676 τάς
993 1594 1134 1673 δεκάτας
1152 1601 1211 1681 τῆς
1232 1600 1322 1662 θεοῦ

206 1703 261 1770 καλ
288 1699 346 1781 τὰς
373 1698 601 1786 πεντηκοστὰς
629 1707 697 1768 τῶν
723 1698 835 1768 ἄλλων
855 1705 949 1767 θεῶν
971 1695 1227 1781 σεσυληκότας’.
1265 1697 1322 1762 καὶ

206 1802 279 1890 μετ’
309 1800 420 1889 ὀλίγα·
456 1800 513 1869 ’τά
539 1801 576 1870 δὲ
604 1800 681 1869 ὅσια
708 1799 900 1888 δέγίγνετο
922 1801 1064 1887 ήμέτερα
1085 1799 1319 1884 κεκλοφότες’.

206 1909 397 1991 Δίδυμος
418 1904 455 1970 δὲ
477 1908 614 1992 εδιγιῦς,
635 1911 757 1991 φησίν,
781 1909 899 1990 ἔλεγον
921 1901 958 1970 τὸ
982 1898 1079 1969 ὅσιον
1105 1900 1144 1968 τό
1170 1926 1205 1967 τε
1227 1897 1321 1986 έερόν

208 2006 264 2073 καὶ
286 2003 322 2075 τδ
344 2004 544 2073 ίδιωτικόυ’.

292 2126 389 2192 Adde
418 2123 512 2188 Phot.
542 2127 619 2208 352,
651 2130 688 2188 15
721 2126 821 2191 schol.
860 2126 988 2198 Platon.
1022 2147 1054 2210 p.
1077 2126 1139 2187 397
1173 2124 1319 2215 Hesych.

208 2229 311 2311 Suid„
334 2226 485 2314 quicum
506 2225 621 2291 afferat
642 2227 749 2292 locum
772 2227 1004 2292 Demosthenis
1037 2230 1099 2311 (or.
1123 2250 1152 2290 e.
1176 2226 1318 2294 Timocr.

207 2335 238 2411 ᾖ.
262 2330 318 2412 66)
339 2327 466 2409 dubite,
495 2351 574 2393 num
595 2328 811 2416 Harpocratio
841 2352 884 2394 ex
910 2328 1160 2416 hypomnemate
1183 2327 1320 2415 Didymi

207 2433 242 2495 in
263 2439 424 2495 oratorem
447 2432 630 2516 conscripto
652 2431 683 2495 h.
700 2431 722 2495 l.
744 2431 931 2513 profecerit.
950 2470 994 2481 -
1015 2430 1168 2495 Ceterum
1189 2430 1320 2495 Ammo-

205 2533 281 2597 nius
303 2556 335 2619 p.
360 2535 418 2596 104
447 2530 481 2594 h.
504 2530 526 2595 l.
554 2531 736 2619 Didymum
761 2555 827 2597 non
856 2541 1011 2619 sequutus
1039 2541 1104 2613 est,
1135 2532 1193 2595 sed
1219 2531 1321 2597 alium

206 2635 317 2700 nescio
340 2656 446 2720 quem,
469 2630 609 2696 fortasse
631 2632 862 2720 Apollonidem
882 2632 1108 2697 Nicaeensem.

292 2860 312 2917 l.
345 2851 504 2938 Harpoer.
528 2855 597 2935 158,
614 2855 653 2918 27
675 2851 937 2937 πρόπεμπτα·
960 2855 1087 2930 Λυσίας
1107 2853 1144 2918 έν
1164 2858 1210 2943 τῷ
1233 2851 1321 2937 πρὸς

207 2949 268 3034 τήν
290 2949 484 3036 Μιξιδήμου
507 2952 654 3038 γραφήν,
675 2957 705 3020 εί
726 2952 874 3038 γνήσιος,
897 2952 951 3018 καλ
971 2956 1195 3038 Δημοσθένης
1217 2955 1320 3044 ἐντῷ

207 3055 283 3134 περλ
306 3056 367 3117 τοῦ
384 3046 521 3134 Ἀγαίου
543 3053 682 3138 κλήρου.
712 3060 901 3141 Δίδυμος
918 3053 1074 3139 ’μήποτε
1097 3062 1212 3139 φησίν,
1233 3053 1321 3122 άλλα
1360 3081 1372 3102 ·

206 3150 283 3219 τινά
305 3151 397 3216 ἐστιν
418 3152 563 3236 ἐπιτίμια
584 3154 624 3220 τά
644 3154 708 3239 πρὸ
732 3163 790 3240 τῆς
812 3159 1008 3242 καταβολῆς.
1041 3157 1103 3220 είσλ
1126 3154 1199 3240 γάρ,
1223 3161 1259 3221 οἳ
1278 3153 1320 3223 τά

207 3254 338 3338 πέμπτα
360 3257 429 3317 τῶν
451 3252 645 3338 τιμημάτων
664 3254 1026 3341 παρακαταβάλλεσθαί
1044 3261 1160 3340 φασίν,
1181 3251 1227 3335 ὦς
1246 3264 1320 3323 Λυ-

206 3361 278 3432 σίας
295 3353 333 3419 έν
352 3358 398 3441 τῷ
417 3349 765 3440 κατάἏπολλοδοίρου
783 3353 1016 3441 ὑποσημαίνει.
1041 3361 1072 3423 εί
1086 3358 1131 3442 μή
1148 3354 1214 3442 άρα
1231 3357 1320 3444 πρό-

206 3479 348 3541 πεμπτα,
370 3448 415 3532 ὥς
425 3457 660 3543 Δημοσθένης,
682 3455 747 3541 πρὸ
771 3453 894 3542 ἡμέρας
911 3460 1019 3524 πέντε.
1043 3470 1115 3536 ταῖς
1132 3454 1197 3541 γάρ
1212 3458 1318 3542 μεγά-

206 3566 278 3635 λαις
299 3560 407 3634 δίκαις
429 3551 493 3622 οὐκ
516 3552 610 3640 ήρκει
631 3566 689 3643 μία
711 3556 817 3646 ήμέρα
836 3556 922 3642 πρὸς
934 3555 997 3644 τήν
1010 3564 1145 3643 κρίσιν’.
1162 3599 1204 3607 -
1220 3560 1316 3626 Phot.

205 3664 277 3742 456,
300 3662 340 3722 τι
363 3657 454 3723 Suid.

289 3815 326 3858 m.
366 3793 526 3888 Hei-poor.
550 3799 624 3878 160,
644 3802 662 3861 5
691 3800 938 3880 προστασία·
966 3784 1191 3879 Δημοσθένης
1211 3794 1249 3859 έν
1271 3800 1319 3883 τῷ

204 3891 288 3960 κατὰ
307 3889 499 3978 Ὀνήτορος·
523 3899 641 3961 εταῦτα
663 3891 726 3981 οῦγ
737 3893 991 3982 ὁμολογουμένη
1003 3899 1216 3980 προστασία’;
1240 3891 1319 3963 άντλ

204 4000 266 4062 τοῦ
287 3994 432 4082 βοήθεια
455 3989 500 4073 ὡς
522 3998 767 4080 προισταμέυου
789 3984 881 4075 τινὰς
905 3999 960 4061 καλ
977 3996 1248 4079 ’ἐπικουροῦντος
1270 4004 1318 4086 τῷ

204 4092 425 4183 ἀδικουμένῳ.
472 4100 629 4181 Αἰσχίνης
656 4098 694 4163 ἐν
719 4103 766 4185 τῷ
792 4096 868 4181 περὶ
889 4102 948 4182 τής
972 4101 1148 4184 πρεσβείας
1178 4092 1243 4176 ’ῦς
1265 4101 1321 4165 δεῖ

204 4192 244 4261 τὰ
268 4201 327 4280 της
352 4191 543 4280 Ἀθηναίων
571 4193 785 4283 ἀκροπόλεως
812 4197 1006 4281 προπύλαια
1028 4211 1243 4282 μετενεγκεῖν
1269 4204 1318 4279 είς

203 4291 266 4379 τήν
285 4299 492 4380 προστασίαν
514 4301 572 4379 τῆς
595 4301 789 4382 Καδμείας’.
815 4301 1004 4384 Δίδυμος
1021 4295 1083 4384 τήν
1106 4305 1317 4383 προστασίαν
