<?xml version="1.0" encoding="UTF-8"?>
<!DOCTYPE html PUBLIC "-//W3C//DTD XHTML 1.0 Transitional//EN"
    "http://www.w3.org/TR/xhtml1/DTD/xhtml1-transitional.dtd">
<html xmlns="http://www.w3.org/1999/xhtml" xml:lang="en" lang="en">
 <head>
  <title>
</title>
<meta http-equiv="Content-Type" content="text/html;charset=utf-8" />
  <meta name='ocr-system' content='tesseract 3.04.00' />
  <meta name='ocr-capabilities' content='ocr_page ocr_carea ocr_par ocr_line ocrx_word'/>
</head>
<body>
  <div class='ocr_page' id='page_1' title='image "./didymichalcente00schmgoog_0188.png"; bbox 0 0 2962 5024; ppageno 0'>
   <div class='ocr_carea' id='block_1_1' title="bbox 583 449 1240 511">
    <p class='ocr_par' dir='ltr' id='par_1_1' title="bbox 583 449 1240 511">
     <span class='ocr_line' id='line_1_1' title="bbox 583 449 1240 511; baseline 0 -1"><span class='ocrx_word' id='word_1_1' title='bbox 583 484 627 494; x_wconf 92' lang='lat'>-</span> <span class='ocrx_word' id='word_1_2' title='bbox 673 450 783 509; x_wconf 76' lang='lat' dir='ltr'><strong><em>Y-</em></strong></span> <span class='ocrx_word' id='word_1_3' title='bbox 1182 449 1240 511; x_wconf 89' lang='grc'><strong><em>169</em></strong></span> 
     </span>
    </p>
   </div>
   <div class='ocr_carea' id='block_1_2' title="bbox 129 605 1241 3536">
    <p class='ocr_par' dir='ltr' id='par_1_2' title="bbox 131 605 1240 801">
     <span class='ocr_line' id='line_1_2' title="bbox 219 605 1240 698; baseline 0.003 -22"><span class='ocrx_word' id='word_1_4' title='bbox 219 614 289 676; x_wconf 92' lang='grc'><strong>188.</strong></span> <span class='ocrx_word' id='word_1_5' title='bbox 335 605 356 696; x_wconf 76' lang='grc' dir='ltr'><strong><em>ἡ</em></strong></span> <span class='ocrx_word' id='word_1_6' title='bbox 384 605 518 677; x_wconf 83' lang='grc' dir='ltr'><strong><em>Ῥιανοῦ</em></strong></span> <span class='ocrx_word' id='word_1_7' title='bbox 548 609 603 676; x_wconf 79' lang='grc' dir='ltr'><strong><em>καί</em></strong></span> <span class='ocrx_word' id='word_1_8' title='bbox 629 607 893 696; x_wconf 74' lang='grc' dir='ltr'><strong><em>Ἀριστοφάνους</em></strong></span> <span class='ocrx_word' id='word_1_9' title='bbox 921 615 1004 698; x_wconf 72' lang='grc' dir='ltr'><strong><em>[1οοί</em></strong></span> <span class='ocrx_word' id='word_1_10' title='bbox 1010 636 1031 677; x_wconf 92' lang='grc' dir='ltr'><strong><em>ν</em></strong></span> <span class='ocrx_word' id='word_1_11' title='bbox 1058 614 1140 697; x_wconf 81' lang='grc' dir='ltr'><strong><em>ἔπι,</em></strong></span> <span class='ocrx_word' id='word_1_12' title='bbox 1176 609 1240 679; x_wconf 78' lang='grc' dir='ltr'><strong><em>οὐκ</em></strong></span> 
     </span>
     <span class='ocr_line' id='line_1_3' title="bbox 131 708 1080 801; baseline 0 -24"><span class='ocrx_word' id='word_1_13' title='bbox 131 708 304 797; x_wconf 87' lang='grc' dir='ltr'><strong><em>άχαρίτως.</em></strong></span> <span class='ocrx_word' id='word_1_14' title='bbox 326 714 369 777; x_wconf 99' lang='lat' dir='ltr'><strong><em>A.</em></strong></span> <span class='ocrx_word' id='word_1_15' title='bbox 403 712 500 778; x_wconf 81' lang='lat' dir='ltr'><strong>Adde</strong></span> <span class='ocrx_word' id='word_1_16' title='bbox 522 713 582 777; x_wconf 92' lang='lat' dir='ltr'><strong><em>AB</em></strong></span> <span class='ocrx_word' id='word_1_17' title='bbox 611 712 648 777; x_wconf 86' lang='grc' dir='ltr'><strong><em>έν</em></strong></span> <span class='ocrx_word' id='word_1_18' title='bbox 669 717 709 801; x_wconf 82' lang='grc' dir='ltr'><strong><em>τῇ</em></strong></span> <span class='ocrx_word' id='word_1_19' title='bbox 729 717 793 800; x_wconf 81' lang='grc' dir='ltr'><strong><em>Χίᾳ</em></strong></span> <span class='ocrx_word' id='word_1_20' title='bbox 816 709 853 778; x_wconf 75' lang='grc' dir='ltr'><strong><em>δὲ</em></strong></span> <span class='ocrx_word' id='word_1_21' title='bbox 872 716 982 800; x_wconf 73' lang='grc' dir='ltr'><strong><em>βυοῐν</em></strong></span> <span class='ocrx_word' id='word_1_22' title='bbox 1004 714 1080 778; x_wconf 78' lang='grc' dir='ltr'><strong><em>ἔπι.</em></strong></span> 
     </span>
    </p>

    <p class='ocr_par' dir='ltr' id='par_1_3' title="bbox 196 807 1238 899">
     <span class='ocr_line' id='line_1_4' title="bbox 196 807 1238 899; baseline 0.006 -22"><span class='ocrx_word' id='word_1_23' title='bbox 196 835 200 849; x_wconf 86' lang='grc'><strong><em>·</em></strong></span> <span class='ocrx_word' id='word_1_24' title='bbox 219 817 289 878; x_wconf 86' lang='grc'><strong>195.</strong></span> <span class='ocrx_word' id='word_1_25' title='bbox 318 807 427 891; x_wconf 78' lang='grc' dir='ltr'><strong><em>οὕτως</em></strong></span> <span class='ocrx_word' id='word_1_26' title='bbox 444 807 656 899; x_wconf 56' lang='grc' dir='ltr'><strong><em>Ἀρίσλιαρχος</em></strong></span> <span class='ocrx_word' id='word_1_27' title='bbox 678 813 883 899; x_wconf 76' lang='grc' dir='ltr'><strong><em>ἐρύεσθαι</em></strong></span> <span class='ocrx_word' id='word_1_28' title='bbox 909 814 1008 898; x_wconf 81' lang='grc' dir='ltr'><strong><em>χωρὶς</em></strong></span> <span class='ocrx_word' id='word_1_29' title='bbox 1028 818 1090 880; x_wconf 82' lang='grc' dir='ltr'><strong><em>τοῦ</em></strong></span> <span class='ocrx_word' id='word_1_30' title='bbox 1112 817 1165 881; x_wconf 91' lang='grc' dir='ltr'><strong><em>σε’.</em></strong></span> <span class='ocrx_word' id='word_1_31' title='bbox 1197 818 1238 883; x_wconf 89' lang='lat' dir='ltr'><strong><em>A.</em></strong></span> 
     </span>
    </p>

    <p class='ocr_par' dir='ltr' id='par_1_4' title="bbox 132 909 1238 1100">
     <span class='ocr_line' id='line_1_5' title="bbox 217 909 1238 1005; baseline 0.009 -29"><span class='ocrx_word' id='word_1_32' title='bbox 217 916 290 979; x_wconf 87' lang='grc'><strong>228.</strong></span> <span class='ocrx_word' id='word_1_33' title='bbox 310 909 521 998; x_wconf 80' lang='grc' dir='ltr'><strong><em>Ἀρίσταρχος</em></strong></span> <span class='ocrx_word' id='word_1_34' title='bbox 539 910 626 981; x_wconf 82' lang='grc' dir='ltr'><strong><em>ἀλλ’</em></strong></span> <span class='ocrx_word' id='word_1_35' title='bbox 651 910 719 981; x_wconf 80' lang='grc' dir='ltr'><strong><em>ὅτε</em></strong></span> <span class='ocrx_word' id='word_1_36' title='bbox 740 915 800 1001; x_wconf 89' lang='grc' dir='ltr'><strong><em>δέ,</em></strong></span> <span class='ocrx_word' id='word_1_37' title='bbox 820 910 917 982; x_wconf 78' lang='grc' dir='ltr'><strong><em>ἄλλοι</em></strong></span> <span class='ocrx_word' id='word_1_38' title='bbox 940 911 976 982; x_wconf 69' lang='grc' dir='ltr'><strong><em>δὲ</em></strong></span> <span class='ocrx_word' id='word_1_39' title='bbox 998 909 1086 983; x_wconf 78' lang='grc' dir='ltr'><strong><em>ἀλλ’</em></strong></span> <span class='ocrx_word' id='word_1_40' title='bbox 1107 913 1175 984; x_wconf 84' lang='grc' dir='ltr'><strong><em>ὅτε</em></strong></span> <span class='ocrx_word' id='word_1_41' title='bbox 1191 919 1238 1005; x_wconf 84' lang='grc' dir='ltr'><strong><em>δή</em></strong></span> 
     </span>
     <span class='ocr_line' id='line_1_6' title="bbox 132 1012 535 1100; baseline -0.01 -17"><span class='ocrx_word' id='word_1_42' title='bbox 132 1012 187 1084; x_wconf 83' lang='grc' dir='ltr'><strong><em>διὰ</em></strong></span> <span class='ocrx_word' id='word_1_43' title='bbox 209 1021 271 1082; x_wconf 89' lang='grc' dir='ltr'><strong><em>τοῦ</em></strong></span> <span class='ocrx_word' id='word_1_44' title='bbox 292 1039 324 1100; x_wconf 91' lang='grc' dir='ltr'><strong><em>η.</em></strong></span> <span class='ocrx_word' id='word_1_45' title='bbox 346 1017 388 1080; x_wconf 89' lang='lat' dir='ltr'><strong><em>A.</em></strong></span> <span class='ocrx_word' id='word_1_46' title='bbox 422 1016 535 1080; x_wconf 73' lang='grc'><strong>(11.3.</strong></span> 
     </span>
    </p>

    <p class='ocr_par' dir='ltr' id='par_1_5' title="bbox 132 1111 1240 1407">
     <span class='ocr_line' id='line_1_7' title="bbox 218 1111 1240 1205; baseline 0.005 -24"><span class='ocrx_word' id='word_1_47' title='bbox 218 1121 291 1182; x_wconf 93' lang='grc'><strong>255.</strong></span> <span class='ocrx_word' id='word_1_48' title='bbox 315 1111 424 1194; x_wconf 82' lang='grc' dir='ltr'><strong><em>οὕτως</em></strong></span> <span class='ocrx_word' id='word_1_49' title='bbox 441 1111 669 1203; x_wconf 76' lang='grc' dir='ltr'><strong><em>Ἀρίσταρχος,</em></strong></span> <span class='ocrx_word' id='word_1_50' title='bbox 692 1114 826 1184; x_wconf 81' lang='grc' dir='ltr'><strong><em>πολλὰ</em></strong></span> <span class='ocrx_word' id='word_1_51' title='bbox 847 1115 893 1182; x_wconf 92' lang='grc' dir='ltr'><strong><em>τά</em></strong></span> <span class='ocrx_word' id='word_1_52' title='bbox 911 1140 952 1182; x_wconf 90' lang='grc' dir='ltr'><strong><em>τε</em></strong></span> <span class='ocrx_word' id='word_1_53' title='bbox 974 1118 1042 1183; x_wconf 81' lang='grc' dir='ltr'><strong><em>καὶ</em></strong></span> <span class='ocrx_word' id='word_1_54' title='bbox 1064 1115 1177 1205; x_wconf 82' lang='grc' dir='ltr'><strong><em>οὐκί,</em></strong></span> <span class='ocrx_word' id='word_1_55' title='bbox 1200 1119 1240 1186; x_wconf 89' lang='grc' dir='ltr'><strong><em>τά</em></strong></span> 
     </span>
     <span class='ocr_line' id='line_1_8' title="bbox 132 1213 1240 1305; baseline 0.003 -19"><span class='ocrx_word' id='word_1_56' title='bbox 132 1244 167 1287; x_wconf 85' lang='grc' dir='ltr'><strong><em>τε</em></strong></span> <span class='ocrx_word' id='word_1_57' title='bbox 191 1229 262 1296; x_wconf 82' lang='grc' dir='ltr'><strong><em>ταῖς</em></strong></span> <span class='ocrx_word' id='word_1_58' title='bbox 283 1213 457 1302; x_wconf 77' lang='grc' dir='ltr'><strong><em>ἀληθείαις</em></strong></span> <span class='ocrx_word' id='word_1_59' title='bbox 478 1214 560 1285; x_wconf 83' lang='grc' dir='ltr'><strong><em>ὄντα</em></strong></span> <span class='ocrx_word' id='word_1_60' title='bbox 582 1221 638 1285; x_wconf 81' lang='grc' dir='ltr'><strong><em>καὶ</em></strong></span> <span class='ocrx_word' id='word_1_61' title='bbox 658 1218 714 1305; x_wconf 81' lang='grc' dir='ltr'><strong><em>μή.</em></strong></span> <span class='ocrx_word' id='word_1_62' title='bbox 737 1215 777 1285; x_wconf 83' lang='grc' dir='ltr'><strong><em>τά</em></strong></span> <span class='ocrx_word' id='word_1_63' title='bbox 797 1219 834 1285; x_wconf 73' lang='grc' dir='ltr'><strong><em>δὲ</em></strong></span> <span class='ocrx_word' id='word_1_64' title='bbox 853 1215 1047 1303; x_wconf 82' lang='grc' dir='ltr'><strong><em>φαυλότερα</em></strong></span> <span class='ocrx_word' id='word_1_65' title='bbox 1063 1226 1131 1287; x_wconf 82' lang='grc' dir='ltr'><strong><em>τῶν</em></strong></span> <span class='ocrx_word' id='word_1_66' title='bbox 1145 1217 1240 1289; x_wconf 85' lang='grc' dir='ltr'><strong><em>άντι-</em></strong></span> 
     </span>
     <span class='ocr_line' id='line_1_9' title="bbox 133 1316 1059 1407; baseline 0 -20"><span class='ocrx_word' id='word_1_67' title='bbox 133 1318 275 1407; x_wconf 80' lang='grc' dir='ltr'><strong><em>γράφων</em></strong></span> <span class='ocrx_word' id='word_1_68' title='bbox 293 1317 384 1385; x_wconf 89' lang='grc' dir='ltr'><strong><em>έτεά</em></strong></span> <span class='ocrx_word' id='word_1_69' title='bbox 407 1322 473 1402; x_wconf 82' lang='grc' dir='ltr'><strong><em>ἔχει</em></strong></span> <span class='ocrx_word' id='word_1_70' title='bbox 492 1323 665 1387; x_wconf 81' lang='grc' dir='ltr'><strong><em>τουτέστιν</em></strong></span> <span class='ocrx_word' id='word_1_71' title='bbox 686 1316 808 1406; x_wconf 77' lang='grc' dir='ltr'><strong><em>άληθῆ.</em></strong></span> <span class='ocrx_word' id='word_1_72' title='bbox 832 1323 873 1386; x_wconf 91' lang='grc' dir='ltr'><strong><em>Α.</em></strong></span> <span class='ocrx_word' id='word_1_73' title='bbox 907 1321 958 1386; x_wconf 78' lang='lat' dir='ltr'><strong><em>Of.</em></strong></span> <span class='ocrx_word' id='word_1_74' title='bbox 982 1323 1059 1387; x_wconf 89' lang='lat' dir='ltr'><strong>AV.&#39;</strong></span> 
     </span>
    </p>

    <p class='ocr_par' dir='ltr' id='par_1_6' title="bbox 129 1416 1240 1711">
     <span class='ocr_line' id='line_1_10' title="bbox 217 1416 1240 1511; baseline 0.007 -25"><span class='ocrx_word' id='word_1_75' title='bbox 217 1426 289 1487; x_wconf 84' lang='lat'><strong>259.</strong></span> <span class='ocrx_word' id='word_1_76' title='bbox 313 1416 422 1499; x_wconf 83' lang='grc' dir='ltr'><strong><em>οὕτως</em></strong></span> <span class='ocrx_word' id='word_1_77' title='bbox 444 1423 481 1486; x_wconf 85' lang='grc' dir='ltr'><strong><em>αί</em></strong></span> <span class='ocrx_word' id='word_1_78' title='bbox 496 1416 732 1506; x_wconf 76' lang='grc' dir='ltr'><strong><em>Ἀριστάρχου·</em></strong></span> <span class='ocrx_word' id='word_1_79' title='bbox 756 1424 943 1506; x_wconf 79' lang='grc' dir='ltr'><strong><em>διαιρετέον</em></strong></span> <span class='ocrx_word' id='word_1_80' title='bbox 965 1419 1003 1489; x_wconf 85' lang='grc' dir='ltr'><strong><em>τό</em></strong></span> <span class='ocrx_word' id='word_1_81' title='bbox 1025 1421 1160 1511; x_wconf 84' lang='grc' dir='ltr'><strong><em>σάκεϊ,</em></strong></span> <span class='ocrx_word' id='word_1_82' title='bbox 1184 1429 1240 1493; x_wconf 81' lang='grc' dir='ltr'><strong><em>καὶ</em></strong></span> 
     </span>
     <span class='ocr_line' id='line_1_11' title="bbox 129 1517 1240 1609; baseline 0.005 -19"><span class='ocrx_word' id='word_1_83' title='bbox 129 1520 241 1602; x_wconf 71' lang='grc' dir='ltr'><strong><em>Ἰακοός</em></strong></span> <span class='ocrx_word' id='word_1_84' title='bbox 268 1521 305 1589; x_wconf 88' lang='grc' dir='ltr'><strong><em>τό</em></strong></span> <span class='ocrx_word' id='word_1_85' title='bbox 333 1525 488 1590; x_wconf 80' lang='grc' dir='ltr'><strong><em>ἔλασσε.</em></strong></span> <span class='ocrx_word' id='word_1_86' title='bbox 530 1523 585 1589; x_wconf 84' lang='grc' dir='ltr'><strong><em>καὶ</em></strong></span> <span class='ocrx_word' id='word_1_87' title='bbox 612 1517 650 1589; x_wconf 85' lang='grc' dir='ltr'><strong><em>τό</em></strong></span> <span class='ocrx_word' id='word_1_88' title='bbox 679 1524 782 1609; x_wconf 75' lang='grc' dir='ltr'><strong><em>δινῷ</em></strong></span> <span class='ocrx_word' id='word_1_89' title='bbox 809 1521 845 1588; x_wconf 74' lang='grc' dir='ltr'><strong><em>δέ</em></strong></span> <span class='ocrx_word' id='word_1_90' title='bbox 874 1524 935 1601; x_wconf 77' lang='grc' dir='ltr'><strong><em>ἔξω</em></strong></span> <span class='ocrx_word' id='word_1_91' title='bbox 962 1528 1024 1589; x_wconf 78' lang='grc' dir='ltr'><strong><em>τοῦ</em></strong></span> <span class='ocrx_word' id='word_1_92' title='bbox 1052 1550 1068 1591; x_wconf 90' lang='grc' dir='ltr'><strong><em>ε</em></strong></span> <span class='ocrx_word' id='word_1_93' title='bbox 1091 1522 1156 1593; x_wconf 85' lang='grc' dir='ltr'><strong><em>άπό</em></strong></span> <span class='ocrx_word' id='word_1_94' title='bbox 1177 1532 1240 1594; x_wconf 82' lang='grc' dir='ltr'><strong><em>τοῦ</em></strong></span> 
     </span>
     <span class='ocr_line' id='line_1_12' title="bbox 132 1619 1006 1711; baseline -0.002 -19"><span class='ocrx_word' id='word_1_95' title='bbox 132 1629 301 1692; x_wconf 77' lang='grc' dir='ltr'><strong><em>δινεῖσθαι</em></strong></span> <span class='ocrx_word' id='word_1_96' title='bbox 326 1619 492 1709; x_wconf 46' lang='grc' dir='ltr'><strong><em>(δινωτὴν</em></strong></span> <span class='ocrx_word' id='word_1_97' title='bbox 511 1623 700 1708; x_wconf 85' lang='grc' dir='ltr'><strong><em>φορέουσα’</em></strong></span> <span class='ocrx_word' id='word_1_98' title='bbox 723 1624 778 1711; x_wconf 89' lang='lat' dir='ltr'><strong>(Il.</strong></span> <span class='ocrx_word' id='word_1_99' title='bbox 800 1628 839 1689; x_wconf 90' lang='lat' dir='ltr'><strong><em>N</em></strong></span> <span class='ocrx_word' id='word_1_100' title='bbox 853 1626 941 1709; x_wconf 88' lang='grc'><strong>407).</strong></span> <span class='ocrx_word' id='word_1_101' title='bbox 963 1627 1006 1690; x_wconf 93' lang='lat' dir='ltr'><strong><em>A.</em></strong></span> 
     </span>
    </p>

    <p class='ocr_par' dir='ltr' id='par_1_7' title="bbox 218 1723 1018 1813">
     <span class='ocr_line' id='line_1_13' title="bbox 218 1723 1018 1813; baseline 0.004 -22"><span class='ocrx_word' id='word_1_102' title='bbox 218 1730 290 1792; x_wconf 89' lang='grc'><strong>263.</strong></span> <span class='ocrx_word' id='word_1_103' title='bbox 313 1727 424 1812; x_wconf 76' lang='grc' dir='ltr'><strong><em>δεῖν·</em></strong></span> <span class='ocrx_word' id='word_1_104' title='bbox 442 1723 651 1812; x_wconf 80' lang='grc' dir='ltr'><strong><em>Ἀρίσταρχος</em></strong></span> <span class='ocrx_word' id='word_1_105' title='bbox 671 1727 733 1804; x_wconf 81' lang='grc' dir='ltr'><strong><em>ἔξω</em></strong></span> <span class='ocrx_word' id='word_1_106' title='bbox 755 1730 817 1791; x_wconf 82' lang='grc' dir='ltr'><strong><em>τοῦ</em></strong></span> <span class='ocrx_word' id='word_1_107' title='bbox 841 1752 853 1792; x_wconf 98' lang='grc' dir='ltr'><strong><em>ι</em></strong></span> <span class='ocrx_word' id='word_1_108' title='bbox 874 1728 953 1813; x_wconf 81' lang='grc' dir='ltr'><strong><em>ῥέα.</em></strong></span> <span class='ocrx_word' id='word_1_109' title='bbox 977 1731 1018 1794; x_wconf 91' lang='grc' dir='ltr'><strong><em>Α.</em></strong></span> 
     </span>
    </p>

    <p class='ocr_par' dir='ltr' id='par_1_8' title="bbox 134 1821 1239 2019">
     <span class='ocr_line' id='line_1_14' title="bbox 220 1821 1239 1918; baseline 0.008 -28"><span class='ocrx_word' id='word_1_110' title='bbox 220 1826 305 1913; x_wconf 88' lang='grc'><strong>[303.</strong></span> <span class='ocrx_word' id='word_1_111' title='bbox 327 1821 536 1913; x_wconf 88' lang='grc' dir='ltr'><strong><em>Ἀρίσταρχος</em></strong></span> <span class='ocrx_word' id='word_1_112' title='bbox 559 1824 681 1911; x_wconf 80' lang='grc' dir='ltr'><strong><em>γράφει</em></strong></span> <span class='ocrx_word' id='word_1_113' title='bbox 703 1821 810 1911; x_wconf 87' lang='grc' dir='ltr'><strong><em>όφρα</em></strong></span> <span class='ocrx_word' id='word_1_114' title='bbox 831 1824 883 1913; x_wconf 79' lang='grc' dir='ltr'><strong><em>μὴ</em></strong></span> <span class='ocrx_word' id='word_1_115' title='bbox 905 1824 1092 1914; x_wconf 81' lang='grc' dir='ltr'><strong><em>ἄφαντος</em></strong></span> <span class='ocrx_word' id='word_1_116' title='bbox 1113 1829 1239 1918; x_wconf 79' lang='grc' dir='ltr'><strong><em>γενεὴ</em></strong></span> 
     </span>
     <span class='ocr_line' id='line_1_15' title="bbox 134 1923 690 2019; baseline -0.002 -24"><span class='ocrx_word' id='word_1_117' title='bbox 134 1926 372 2013; x_wconf 80' lang='grc' dir='ltr'><strong><em>δμηθέντες</em></strong></span> <span class='ocrx_word' id='word_1_118' title='bbox 393 1923 552 2014; x_wconf 83' lang='grc' dir='ltr'><strong><em>ὄληται.</em></strong></span> <span class='ocrx_word' id='word_1_119' title='bbox 572 1929 690 2019; x_wconf 80' lang='lat' dir='ltr'><strong>Paris.]</strong></span> 
     </span>
    </p>

    <p class='ocr_par' dir='ltr' id='par_1_9' title="bbox 218 2024 1126 2117">
     <span class='ocr_line' id='line_1_16' title="bbox 218 2024 1126 2117; baseline 0.008 -23"><span class='ocrx_word' id='word_1_120' title='bbox 218 2032 291 2094; x_wconf 87' lang='lat'><strong>306.</strong></span> <span class='ocrx_word' id='word_1_121' title='bbox 316 2024 486 2115; x_wconf 78' lang='grc' dir='ltr'><strong><em>ἤχθηρε·</em></strong></span> <span class='ocrx_word' id='word_1_122' title='bbox 510 2026 600 2115; x_wconf 86' lang='grc' dir='ltr'><strong><em>παρά</em></strong></span> <span class='ocrx_word' id='word_1_123' title='bbox 619 2025 852 2116; x_wconf 85' lang='grc' dir='ltr'><strong><em>Ἀριστοφάνει</em></strong></span> <span class='ocrx_word' id='word_1_124' title='bbox 873 2026 1062 2117; x_wconf 81' lang='grc' dir='ltr'><strong><em>ἤχθαιρε.</em></strong></span> <span class='ocrx_word' id='word_1_125' title='bbox 1083 2035 1126 2100; x_wconf 90' lang='lat' dir='ltr'><strong><em>A.</em></strong></span> 
     </span>
    </p>

    <p class='ocr_par' dir='ltr' id='par_1_10' title="bbox 133 2129 1241 2316">
     <span class='ocr_line' id='line_1_17' title="bbox 217 2129 1241 2218; baseline 0.009 -23"><span class='ocrx_word' id='word_1_126' title='bbox 217 2133 289 2195; x_wconf 88' lang='grc'><strong>308.</strong></span> <span class='ocrx_word' id='word_1_127' title='bbox 321 2133 358 2196; x_wconf 89' lang='grc' dir='ltr'><strong><em>αί</em></strong></span> <span class='ocrx_word' id='word_1_128' title='bbox 384 2129 440 2199; x_wconf 89' lang='grc' dir='ltr'><strong><em>διά</em></strong></span> <span class='ocrx_word' id='word_1_129' title='bbox 471 2137 539 2199; x_wconf 74' lang='grc' dir='ltr'><strong><em>τῶν</em></strong></span> <span class='ocrx_word' id='word_1_130' title='bbox 567 2130 700 2199; x_wconf 89' lang='grc' dir='ltr'><strong><em>πόλεων</em></strong></span> <span class='ocrx_word' id='word_1_131' title='bbox 727 2136 934 2200; x_wconf 79' lang='grc' dir='ltr'><strong><em>λίπωνται</em></strong></span> <span class='ocrx_word' id='word_1_132' title='bbox 963 2130 1052 2218; x_wconf 74' lang='grc' dir='ltr'><strong><em>εἰχον</em></strong></span> <span class='ocrx_word' id='word_1_133' title='bbox 1080 2131 1155 2202; x_wconf 81' lang='grc' dir='ltr'><strong><em>άντί</em></strong></span> <span class='ocrx_word' id='word_1_134' title='bbox 1178 2142 1241 2204; x_wconf 80' lang='grc' dir='ltr'><strong><em>τοῦ</em></strong></span> 
     </span>
     <span class='ocr_line' id='line_1_18' title="bbox 133 2234 409 2316; baseline 0 -18"><span class='ocrx_word' id='word_1_135' title='bbox 133 2234 346 2316; x_wconf 80' lang='grc' dir='ltr'><strong><em>γένωνται.</em></strong></span> <span class='ocrx_word' id='word_1_136' title='bbox 368 2235 409 2300; x_wconf 91' lang='lat' dir='ltr'><strong><em>A.</em></strong></span> 
     </span>
    </p>

    <p class='ocr_par' dir='ltr' id='par_1_11' title="bbox 134 2331 1241 2522">
     <span class='ocr_line' id='line_1_19' title="bbox 218 2331 1241 2425; baseline 0.004 -27"><span class='ocrx_word' id='word_1_137' title='bbox 218 2336 291 2398; x_wconf 88' lang='grc'><strong>331.</strong></span> <span class='ocrx_word' id='word_1_138' title='bbox 324 2338 395 2400; x_wconf 92' lang='grc' dir='ltr'><strong><em>καί</em></strong></span> <span class='ocrx_word' id='word_1_139' title='bbox 419 2359 488 2419; x_wconf 82' lang='grc' dir='ltr'><strong><em>μιν</em></strong></span> <span class='ocrx_word' id='word_1_140' title='bbox 512 2331 723 2419; x_wconf 83' lang='grc' dir='ltr'><strong><em>φωνήσας·</em></strong></span> <span class='ocrx_word' id='word_1_141' title='bbox 760 2332 850 2419; x_wconf 86' lang='grc' dir='ltr'><strong><em>παρά</em></strong></span> <span class='ocrx_word' id='word_1_142' title='bbox 869 2334 1048 2425; x_wconf 85' lang='grc' dir='ltr'><strong><em>Ζηνοδότφ</em></strong></span> <span class='ocrx_word' id='word_1_143' title='bbox 1077 2342 1146 2402; x_wconf 91' lang='grc' dir='ltr'><strong><em>καί</em></strong></span> <span class='ocrx_word' id='word_1_144' title='bbox 1167 2362 1241 2423; x_wconf 83' lang='grc' dir='ltr'><strong><em>μιν</em></strong></span> 
     </span>
     <span class='ocr_line' id='line_1_20' title="bbox 134 2431 1051 2522; baseline 0.001 -21"><span class='ocrx_word' id='word_1_145' title='bbox 134 2439 340 2519; x_wconf 84' lang='grc' dir='ltr'><strong><em>νεικείων,</em></strong></span> <span class='ocrx_word' id='word_1_146' title='bbox 364 2432 454 2520; x_wconf 89' lang='grc' dir='ltr'><strong><em>παρά</em></strong></span> <span class='ocrx_word' id='word_1_147' title='bbox 466 2431 582 2522; x_wconf 78' lang='grc' dir='ltr'><strong><em>Ῥιανῷ</em></strong></span> <span class='ocrx_word' id='word_1_148' title='bbox 602 2431 673 2500; x_wconf 85' lang='grc' dir='ltr'><strong><em>τόν</em></strong></span> <span class='ocrx_word' id='word_1_149' title='bbox 693 2435 761 2500; x_wconf 82' lang='grc' dir='ltr'><strong><em>καί</em></strong></span> <span class='ocrx_word' id='word_1_150' title='bbox 783 2442 986 2503; x_wconf 82' lang='grc' dir='ltr'><strong><em>νεικείων.</em></strong></span> <span class='ocrx_word' id='word_1_151' title='bbox 1010 2441 1051 2502; x_wconf 92' lang='grc' dir='ltr'><strong><em>Α.</em></strong></span> 
     </span>
    </p>

    <p class='ocr_par' dir='ltr' id='par_1_12' title="bbox 132 2530 1241 2706">
     <span class='ocr_line' id='line_1_21' title="bbox 218 2530 1241 2623; baseline 0.001 -20"><span class='ocrx_word' id='word_1_152' title='bbox 218 2541 290 2603; x_wconf 89' lang='grc'><strong>332.</strong></span> <span class='ocrx_word' id='word_1_153' title='bbox 323 2532 518 2602; x_wconf 81' lang='grc' dir='ltr'><strong><em>ἀτέοντα·</em></strong></span> <span class='ocrx_word' id='word_1_154' title='bbox 550 2531 658 2615; x_wconf 79' lang='grc' dir='ltr'><strong><em>οὕτως</em></strong></span> <span class='ocrx_word' id='word_1_155' title='bbox 681 2537 719 2601; x_wconf 82' lang='grc' dir='ltr'><strong><em>ἐν</em></strong></span> <span class='ocrx_word' id='word_1_156' title='bbox 744 2530 888 2614; x_wconf 85' lang='grc' dir='ltr'><strong><em>άπάσαις</em></strong></span> <span class='ocrx_word' id='word_1_157' title='bbox 909 2532 1088 2603; x_wconf 89' lang='grc' dir='ltr'><strong><em>άτέοντα</em></strong></span> <span class='ocrx_word' id='word_1_158' title='bbox 1108 2533 1241 2623; x_wconf 83' lang='grc' dir='ltr'><strong><em>άφρον-</em></strong></span> 
     </span>
     <span class='ocr_line' id='line_1_22' title="bbox 132 2640 1232 2706; baseline 0 0"><span class='ocrx_word' id='word_1_159' title='bbox 132 2642 319 2706; x_wconf 82' lang='grc' dir='ltr'><strong><em>τιστοῦντα.</em></strong></span> <span class='ocrx_word' id='word_1_160' title='bbox 342 2640 384 2703; x_wconf 97' lang='lat' dir='ltr'><strong><em>A.</em></strong></span> <span class='ocrx_word' id='word_1_161' title='bbox 1231 2703 1232 2706; x_wconf 74' lang='grc'><strong><em>,</em></strong></span> 
     </span>
    </p>

    <p class='ocr_par' dir='ltr' id='par_1_13' title="bbox 132 2734 1241 2929">
     <span class='ocr_line' id='line_1_23' title="bbox 218 2734 1241 2829; baseline 0.002 -23"><span class='ocrx_word' id='word_1_162' title='bbox 218 2744 291 2806; x_wconf 88' lang='grc'><strong>346.</strong></span> <span class='ocrx_word' id='word_1_163' title='bbox 324 2744 376 2829; x_wconf 77' lang='grc' dir='ltr'><strong><em>τῷ</em></strong></span> <span class='ocrx_word' id='word_1_164' title='bbox 397 2735 430 2806; x_wconf 91' lang='grc' dir='ltr'><strong><em>δ’</em></strong></span> <span class='ocrx_word' id='word_1_165' title='bbox 457 2740 632 2823; x_wconf 90' lang='grc' dir='ltr'><strong><em>ἐφέηκα·</em></strong></span> <span class='ocrx_word' id='word_1_166' title='bbox 664 2739 701 2804; x_wconf 90' lang='grc' dir='ltr'><strong><em>ἐν</em></strong></span> <span class='ocrx_word' id='word_1_167' title='bbox 723 2734 884 2826; x_wconf 77' lang='grc' dir='ltr'><strong><em>άλλφτῷ</em></strong></span> <span class='ocrx_word' id='word_1_168' title='bbox 909 2737 1072 2822; x_wconf 84' lang='grc' dir='ltr'><strong><em>ἐφέηκα.</em></strong></span> <span class='ocrx_word' id='word_1_169' title='bbox 1094 2741 1136 2804; x_wconf 91' lang='grc' dir='ltr'><strong><em>Α.</em></strong></span> <span class='ocrx_word' id='word_1_170' title='bbox 1178 2743 1241 2807; x_wconf 77' lang='grc' dir='ltr'><strong><em>Βο</em></strong></span> 
     </span>
     <span class='ocr_line' id='line_1_24' title="bbox 132 2841 865 2929; baseline -0.005 -21"><span class='ocrx_word' id='word_1_171' title='bbox 132 2843 215 2929; x_wconf 81' lang='lat' dir='ltr'><strong>cepi,</strong></span> <span class='ocrx_word' id='word_1_172' title='bbox 235 2843 323 2929; x_wconf 88' lang='lat' dir='ltr'><strong>quod</strong></span> <span class='ocrx_word' id='word_1_173' title='bbox 343 2842 533 2927; x_wconf 80' lang='lat' dir='ltr'><strong>adiungitur</strong></span> <span class='ocrx_word' id='word_1_174' title='bbox 555 2842 656 2906; x_wconf 80' lang='lat' dir='ltr'><strong>schol.</strong></span> <span class='ocrx_word' id='word_1_175' title='bbox 674 2841 865 2907; x_wconf 81' lang='lat' dir='ltr'><strong>Aristonici.</strong></span> 
     </span>
    </p>

    <p class='ocr_par' dir='ltr' id='par_1_14' title="bbox 131 2936 1240 3135">
     <span class='ocr_line' id='line_1_25' title="bbox 218 2936 1240 3030; baseline 0.005 -22"><span class='ocrx_word' id='word_1_176' title='bbox 218 2943 304 3030; x_wconf 84' lang='lat'><strong>[385.</strong></span> <span class='ocrx_word' id='word_1_177' title='bbox 344 2937 452 3020; x_wconf 79' lang='grc' dir='ltr'><strong><em>οὕτως</em></strong></span> <span class='ocrx_word' id='word_1_178' title='bbox 472 2936 589 3029; x_wconf 71' lang='grc' dir='ltr'><strong><em>ρ’Ῥδης</em></strong></span> <span class='ocrx_word' id='word_1_179' title='bbox 614 2939 670 3009; x_wconf 84' lang='grc' dir='ltr'><strong><em>διά</em></strong></span> <span class='ocrx_word' id='word_1_180' title='bbox 693 2947 755 3009; x_wconf 83' lang='grc' dir='ltr'><strong><em>τοῦ</em></strong></span> <span class='ocrx_word' id='word_1_181' title='bbox 777 2946 816 3028; x_wconf 88' lang='grc' dir='ltr'><strong><em>δ,</em></strong></span> <span class='ocrx_word' id='word_1_182' title='bbox 836 2946 894 3027; x_wconf 82' lang='grc' dir='ltr'><strong><em>τῆς</em></strong></span> <span class='ocrx_word' id='word_1_183' title='bbox 918 2944 1057 3022; x_wconf 85' lang='grc' dir='ltr'><strong><em>Λυδίας·</em></strong></span> <span class='ocrx_word' id='word_1_184' title='bbox 1083 2940 1181 3030; x_wconf 65' lang='grc' dir='ltr'><strong><em>Ὕλης</em></strong></span> <span class='ocrx_word' id='word_1_185' title='bbox 1203 2944 1240 3013; x_wconf 68' lang='grc' dir='ltr'><strong><em>δὲ</em></strong></span> 
     </span>
     <span class='ocr_line' id='line_1_26' title="bbox 131 3046 448 3135; baseline -0.006 -23"><span class='ocrx_word' id='word_1_186' title='bbox 131 3049 189 3129; x_wconf 82' lang='grc' dir='ltr'><strong><em>τῆς</em></strong></span> <span class='ocrx_word' id='word_1_187' title='bbox 204 3048 373 3123; x_wconf 88' lang='grc' dir='ltr'><strong><em>Βοιωτίας.</em></strong></span> <span class='ocrx_word' id='word_1_188' title='bbox 396 3046 448 3135; x_wconf 88' lang='grc' dir='ltr'><strong><em>Β.[</em></strong></span> 
     </span>
    </p>

    <p class='ocr_par' dir='ltr' id='par_1_15' title="bbox 132 3136 1241 3338">
     <span class='ocr_line' id='line_1_27' title="bbox 219 3136 1241 3235; baseline 0.003 -23"><span class='ocrx_word' id='word_1_189' title='bbox 219 3146 303 3234; x_wconf 87' lang='grc'><strong>[395.</strong></span> <span class='ocrx_word' id='word_1_190' title='bbox 323 3149 610 3231; x_wconf 80' lang='grc' dir='ltr'><strong><em>Δημολέοντα·</em></strong></span> <span class='ocrx_word' id='word_1_191' title='bbox 631 3141 740 3225; x_wconf 80' lang='grc' dir='ltr'><strong><em>οὕτως</em></strong></span> <span class='ocrx_word' id='word_1_192' title='bbox 751 3139 971 3233; x_wconf 90' lang='grc' dir='ltr'><strong><em>Ἀρίσταρχος.</em></strong></span> <span class='ocrx_word' id='word_1_193' title='bbox 991 3146 1080 3227; x_wconf 74' lang='grc' dir='ltr'><strong><em>τινὲς</em></strong></span> <span class='ocrx_word' id='word_1_194' title='bbox 1102 3136 1139 3216; x_wconf 71' lang='grc' dir='ltr'><strong><em>δὲ</em></strong></span> <span class='ocrx_word' id='word_1_195' title='bbox 1154 3157 1241 3235; x_wconf 76' lang='grc' dir='ltr'><strong><em>Δηί-</em></strong></span> 
     </span>
     <span class='ocr_line' id='line_1_28' title="bbox 132 3249 334 3338; baseline -0.02 -22"><span class='ocrx_word' id='word_1_196' title='bbox 132 3250 260 3316; x_wconf 92' lang='grc' dir='ltr'><strong><em>λέοντα.</em></strong></span> <span class='ocrx_word' id='word_1_197' title='bbox 281 3249 334 3338; x_wconf 86' lang='grc' dir='ltr'><strong><em>Β.]</em></strong></span> 
     </span>
    </p>

    <p class='ocr_par' dir='ltr' id='par_1_16' title="bbox 216 3344 1105 3434">
     <span class='ocr_line' id='line_1_29' title="bbox 216 3344 1105 3434; baseline 0.003 -19"><span class='ocrx_word' id='word_1_198' title='bbox 216 3355 288 3415; x_wconf 88' lang='grc'><strong>414.</strong></span> <span class='ocrx_word' id='word_1_199' title='bbox 312 3344 420 3427; x_wconf 78' lang='grc' dir='ltr'><strong><em>οὕτως</em></strong></span> <span class='ocrx_word' id='word_1_200' title='bbox 441 3345 525 3415; x_wconf 85' lang='grc' dir='ltr'><strong><em>κατά</em></strong></span> <span class='ocrx_word' id='word_1_201' title='bbox 547 3346 687 3434; x_wconf 79' lang='grc' dir='ltr'><strong><em>γενικὴν</em></strong></span> <span class='ocrx_word' id='word_1_202' title='bbox 710 3352 1040 3434; x_wconf 80' lang='grc' dir='ltr'><strong><em>παραΐσσοντος.</em></strong></span> <span class='ocrx_word' id='word_1_203' title='bbox 1063 3355 1105 3418; x_wconf 93' lang='lat' dir='ltr'><strong><em>A.</em></strong></span> 
     </span>
    </p>

    <p class='ocr_par' dir='ltr' id='par_1_17' title="bbox 216 3444 1239 3536">
     <span class='ocr_line' id='line_1_30' title="bbox 216 3444 1239 3536; baseline 0.002 -19"><span class='ocrx_word' id='word_1_204' title='bbox 216 3456 289 3519; x_wconf 82' lang='lat'><strong>426.</strong></span> <span class='ocrx_word' id='word_1_205' title='bbox 321 3448 532 3536; x_wconf 87' lang='grc' dir='ltr'><strong><em>Ἀρίσταρχος</em></strong></span> <span class='ocrx_word' id='word_1_206' title='bbox 558 3445 647 3517; x_wconf 80' lang='grc' dir='ltr'><strong><em>οὐδ’</em></strong></span> <span class='ocrx_word' id='word_1_207' title='bbox 672 3444 722 3517; x_wconf 85' lang='grc' dir='ltr'><strong><em>άν</em></strong></span> <span class='ocrx_word' id='word_1_208' title='bbox 744 3453 804 3516; x_wconf 82' lang='grc' dir='ltr'><strong><em>ἔτι</em></strong></span> <span class='ocrx_word' id='word_1_209' title='bbox 826 3445 921 3535; x_wconf 81' lang='grc' dir='ltr'><strong><em>δήν,</em></strong></span> <span class='ocrx_word' id='word_1_210' title='bbox 948 3449 1004 3516; x_wconf 84' lang='grc' dir='ltr'><strong><em>διὰ</em></strong></span> <span class='ocrx_word' id='word_1_211' title='bbox 1025 3456 1088 3517; x_wconf 81' lang='grc' dir='ltr'><strong><em>τοῦ</em></strong></span> <span class='ocrx_word' id='word_1_212' title='bbox 1111 3448 1166 3517; x_wconf 83' lang='grc' dir='ltr'><strong><em>άν.</em></strong></span> <span class='ocrx_word' id='word_1_213' title='bbox 1197 3456 1239 3519; x_wconf 91' lang='grc' dir='ltr'><strong><em>Α.</em></strong></span> 
     </span>
    </p>
   </div>
   <div class='ocr_carea' id='block_1_3' title="bbox 126 3545 1242 4247">
    <p class='ocr_par' dir='ltr' id='par_1_18' title="bbox 129 3545 1242 4038">
     <span class='ocr_line' id='line_1_31' title="bbox 217 3545 1240 3638; baseline 0.001 -22"><span class='ocrx_word' id='word_1_214' title='bbox 217 3558 289 3617; x_wconf 90' lang='grc'><strong>471.</strong></span> <span class='ocrx_word' id='word_1_215' title='bbox 320 3551 554 3635; x_wconf 77' lang='grc' dir='ltr'><strong><em>ἐνέπρησεν</em></strong></span> <span class='ocrx_word' id='word_1_216' title='bbox 571 3548 751 3630; x_wconf 85' lang='grc' dir='ltr'><strong><em>Φιλόξενος</em></strong></span> <span class='ocrx_word' id='word_1_217' title='bbox 772 3550 828 3617; x_wconf 85' lang='grc' dir='ltr'><strong><em>καί</em></strong></span> <span class='ocrx_word' id='word_1_218' title='bbox 839 3545 1060 3634; x_wconf 86' lang='grc' dir='ltr'><strong><em>Ἀρίσταρχος.</em></strong></span> <span class='ocrx_word' id='word_1_219' title='bbox 1077 3555 1091 3638; x_wconf 78' lang='grc' dir='ltr'><strong><em>[Ι</em></strong></span> <span class='ocrx_word' id='word_1_220' title='bbox 1106 3553 1181 3636; x_wconf 75' lang='grc' dir='ltr'><strong><em>περὶ</em></strong></span> <span class='ocrx_word' id='word_1_221' title='bbox 1204 3551 1240 3619; x_wconf 74' lang='grc' dir='ltr'><strong><em>δὲ</em></strong></span> 
     </span>
     <span class='ocr_line' id='line_1_32' title="bbox 131 3643 1242 3738; baseline -0.013 -7"><span class='ocrx_word' id='word_1_222' title='bbox 131 3660 189 3735; x_wconf 72' lang='grc' dir='ltr'><strong><em>τῆς</em></strong></span> <span class='ocrx_word' id='word_1_223' title='bbox 222 3656 361 3735; x_wconf 56' lang='lat' dir='ltr'><strong><em>roam</em></strong></span> <span class='ocrx_word' id='word_1_224' title='bbox 382 3643 600 3735; x_wconf 79' lang='grc' dir='ltr'><strong><em>Ἀριστάρχου</em></strong></span> <span class='ocrx_word' id='word_1_225' title='bbox 626 3657 716 3738; x_wconf 86' lang='grc' dir='ltr'><strong><em>(-χος</em></strong></span> <span class='ocrx_word' id='word_1_226' title='bbox 747 3653 811 3738; x_wconf 83' lang='lat' dir='ltr'><strong>leg.</strong></span> <span class='ocrx_word' id='word_1_227' title='bbox 840 3652 956 3727; x_wconf 69' lang='lat' dir='ltr'><strong>Lehrs.</strong></span> <span class='ocrx_word' id='word_1_228' title='bbox 979 3652 1038 3714; x_wconf 90' lang='lat' dir='ltr'><strong><em>Ar.</em></strong></span> <span class='ocrx_word' id='word_1_229' title='bbox 1060 3675 1092 3737; x_wconf 86' lang='lat' dir='ltr'><strong><em>p.</em></strong></span> <span class='ocrx_word' id='word_1_230' title='bbox 1116 3654 1172 3735; x_wconf 88' lang='grc'><strong><em>24)</em></strong></span> <span class='ocrx_word' id='word_1_231' title='bbox 1203 3652 1242 3717; x_wconf 90' lang='grc' dir='ltr'><strong><em>έν</em></strong></span> 
     </span>
     <span class='ocr_line' id='line_1_33' title="bbox 131 3744 1240 3836; baseline -0.004 -15"><span class='ocrx_word' id='word_1_232' title='bbox 131 3749 290 3836; x_wconf 81' lang='grc' dir='ltr'><strong><em>ποιήματί</em></strong></span> <span class='ocrx_word' id='word_1_233' title='bbox 311 3767 416 3835; x_wconf 93' lang='grc' dir='ltr'><strong><em>φησιν</em></strong></span> <span class='ocrx_word' id='word_1_234' title='bbox 438 3744 561 3826; x_wconf 79' lang='grc' dir='ltr'><strong><em>οὕτως·</em></strong></span> <span class='ocrx_word' id='word_1_235' title='bbox 585 3748 622 3814; x_wconf 85' lang='grc' dir='ltr'><strong><em>τὸ</em></strong></span> <span class='ocrx_word' id='word_1_236' title='bbox 645 3744 725 3836; x_wconf 81' lang='grc' dir='ltr'><strong><em>αἷμα</em></strong></span> <span class='ocrx_word' id='word_1_237' title='bbox 747 3746 812 3816; x_wconf 89' lang='grc' dir='ltr'><strong><em>άπό</em></strong></span> <span class='ocrx_word' id='word_1_238' title='bbox 837 3754 899 3815; x_wconf 81' lang='grc' dir='ltr'><strong><em>τοῦ</em></strong></span> <span class='ocrx_word' id='word_1_239' title='bbox 921 3746 1046 3833; x_wconf 78' lang='grc' dir='ltr'><strong><em>ἥπατος</em></strong></span> <span class='ocrx_word' id='word_1_240' title='bbox 1068 3748 1240 3834; x_wconf 77' lang='grc' dir='ltr'><strong><em>έκροόνιζε</em></strong></span> 
     </span>
     <span class='ocr_line' id='line_1_34' title="bbox 130 3847 1240 3941; baseline -0.005 -20"><span class='ocrx_word' id='word_1_241' title='bbox 130 3852 238 3941; x_wconf 85' lang='grc' dir='ltr'><strong><em>χάδην</em></strong></span> <span class='ocrx_word' id='word_1_242' title='bbox 264 3849 319 3916; x_wconf 84' lang='grc' dir='ltr'><strong><em>καὶ</em></strong></span> <span class='ocrx_word' id='word_1_243' title='bbox 347 3847 407 3916; x_wconf 86' lang='grc' dir='ltr'><strong><em>τόν</em></strong></span> <span class='ocrx_word' id='word_1_244' title='bbox 433 3852 496 3913; x_wconf 84' lang='grc' dir='ltr'><strong><em>τοῦ</em></strong></span> <span class='ocrx_word' id='word_1_245' title='bbox 519 3853 658 3932; x_wconf 77' lang='grc' dir='ltr'><strong><em>χιτῶνος</em></strong></span> <span class='ocrx_word' id='word_1_246' title='bbox 684 3847 813 3916; x_wconf 88' lang='grc' dir='ltr'><strong><em>κόλπον</em></strong></span> <span class='ocrx_word' id='word_1_247' title='bbox 835 3847 1054 3932; x_wconf 82' lang='grc' dir='ltr'><strong><em>ἐνεφύσησεν.</em></strong></span> <span class='ocrx_word' id='word_1_248' title='bbox 1081 3849 1122 3914; x_wconf 91' lang='grc' dir='ltr'><strong><em>Α.</em></strong></span> <span class='ocrx_word' id='word_1_249' title='bbox 1161 3849 1240 3917; x_wconf 90' lang='lat' dir='ltr'><strong>Vid.</strong></span> 
     </span>
     <span class='ocr_line' id='line_1_35' title="bbox 129 3951 785 4038; baseline -0.015 -15"><span class='ocrx_word' id='word_1_250' title='bbox 129 3958 184 4023; x_wconf 91' lang='lat' dir='ltr'><strong><em>W.</em></strong></span> <span class='ocrx_word' id='word_1_251' title='bbox 208 3953 369 4021; x_wconf 80' lang='lat' dir='ltr'><strong>Ribbeck.</strong></span> <span class='ocrx_word' id='word_1_252' title='bbox 392 3951 517 4017; x_wconf 87' lang='lat' dir='ltr'><strong>Zenod.</strong></span> <span class='ocrx_word' id='word_1_253' title='bbox 540 3958 678 4038; x_wconf 79' lang='lat' dir='ltr'><strong>quaesit.</strong></span> <span class='ocrx_word' id='word_1_254' title='bbox 701 3973 733 4036; x_wconf 88' lang='lat' dir='ltr'><strong><em>p.</em></strong></span> <span class='ocrx_word' id='word_1_255' title='bbox 755 3954 785 4015; x_wconf 88' lang='grc'><strong><em>6.</em></strong></span> 
     </span>
    </p>

    <p class='ocr_par' dir='ltr' id='par_1_19' title="bbox 126 4044 1238 4247">
     <span class='ocr_line' id='line_1_36' title="bbox 215 4044 1238 4145; baseline -0.007 -25"><span class='ocrx_word' id='word_1_256' title='bbox 215 4058 299 4145; x_wconf 90' lang='grc'><strong>[481.</strong></span> <span class='ocrx_word' id='word_1_257' title='bbox 323 4046 472 4139; x_wconf 89' lang='grc' dir='ltr'><strong><em>πρόσθ’</em></strong></span> <span class='ocrx_word' id='word_1_258' title='bbox 496 4046 641 4138; x_wconf 88' lang='grc' dir='ltr'><strong><em>ὁρόων.</em></strong></span> <span class='ocrx_word' id='word_1_259' title='bbox 664 4047 854 4134; x_wconf 87' lang='grc' dir='ltr'><strong><em>Ζηνόδοτος</em></strong></span> <span class='ocrx_word' id='word_1_260' title='bbox 868 4051 969 4134; x_wconf 83' lang='grc' dir='ltr'><strong><em>χωρίς</em></strong></span> <span class='ocrx_word' id='word_1_261' title='bbox 989 4053 1096 4115; x_wconf 80' lang='grc' dir='ltr'><strong><em>τοῦθ</em></strong></span> <span class='ocrx_word' id='word_1_262' title='bbox 1115 4044 1238 4134; x_wconf 86' lang='grc' dir='ltr'><strong><em>πρόσ’</em></strong></span> 
     </span>
     <span class='ocr_line' id='line_1_37' title="bbox 126 4151 350 4247; baseline 0 -27"><span class='ocrx_word' id='word_1_263' title='bbox 126 4151 272 4242; x_wconf 87' lang='grc' dir='ltr'><strong><em>ὁρόων.</em></strong></span> <span class='ocrx_word' id='word_1_264' title='bbox 295 4157 350 4247; x_wconf 89' lang='lat' dir='ltr'><strong><em>V.]</em></strong></span> 
     </span>
    </p>
   </div>
   <div class='ocr_carea' id='block_1_4' title="bbox 0 0 1486 5024">
    <p class='ocr_par' dir='ltr' id='par_1_20' title="bbox 0 0 1486 5024">
     <span class='ocr_line' id='line_1_38' title="bbox 0 0 1486 5024; baseline 0 0"><span class='ocrx_word' id='word_1_265' title='bbox 0 0 1486 5024; x_wconf 95' lang='lat' dir='ltr'><strong><em> </em></strong></span> 
     </span>
    </p>
   </div>
  </div>
 </body>
</html>
