2948 5024
241 434 300 493 144
698 434 931 494 -Λ-”

324 601 398 661 455.
422 590 531 675 οὕτως
548 591 758 682 Ἀρίσταρχος
784 595 843 664 διά
861 602 925 664 τοῦ
953 621 994 682 μ,
1025 592 1083 682 ἔμ’
1109 603 1150 663 εί
1163 622 1207 664 κε
1229 597 1356 665 θάνω.

241 702 271 763 εί
292 696 328 763 δὲ
344 694 399 763 διά
421 701 482 762 τοῦ
500 720 525 763 π
545 699 563 764 ἐ
571 703 639 765 πεί
654 722 699 765 κε
721 697 859 786 θάνω,
881 703 1149 785 γραμματιστῶν.
1171 702 1215 765 A.

325 804 399 865 457.
423 790 552 867 εἷλκε·
572 796 782 888 Ἀρίσταρχος
802 801 914 868 ἕλκε.
944 805 986 869 A.

326 904 398 967 458.
422 892 524 987 αἷμα
538 901 585 968 δέ
597 904 638 968 οί
650 903 930 983 σπασθέντος·
952 899 1060 981 οὕτως
1071 898 1284 988 Ἀρίσταρχος
1301 902 1356 984 οί,

241 997 321 1090 αἷμα
336 1004 374 1071 δὲ
391 1000 482 1093 αὐτῷ
496 1008 543 1094 τῷ
563 999 722 1071 Ὀδυσσεῖ.
745 1007 759 1094 ΙΙ
780 1004 971 1090 Ζηνόδοτος
986 1003 1024 1072 tt
1045 1002 1168 1088 γράφει
1191 995 1292 1088 αἷμα
1313 1001 1357 1067 δὲ

240 1098 289 1173 οὗ
308 1105 588 1183 σπασθέντος·
610 1103 795 1190 χίνεταιδὲ
811 1105 846 1173 τό
865 1106 1003 1191 ἑαυτοῦ,
1025 1101 1046 1172 δ
1064 1102 1127 1191 οὐχ
1147 1101 1289 1190 ἁρμόζει.
1313 1104 1353 1167 A.

325 1212 398 1272 466.
420 1210 536 1274 ἵκετο
559 1205 696 1294 φωνή·
713 1204 923 1294 Ἀρίσταρχος
944 1205 1044 1274 ἵκετ’
1068 1203 1182 1292 άῦτή.
1204 1209 1247 1273 A.

325 1313 399 1376 515.
423 1305 607 1397 (άθετετται
628 1313 697 1394 -).
727 1311 782 1377 καλ
802 1306 1044 1396 ’Ἀριστοφάνης
1068 1309 1259 1396 προηθίτει.
1289 1313 1354 1391 Ζη-

241 1408 385 1488 νόδοτος
408 1410 445 1476 δὲ
468 1405 548 1478 οὐδὲ
572 1413 731 1498 ἔγραφεν.
754 1416 796 1479 A.

325 1516 398 1578 537.
422 1514 464 1577 αἲ
483 1509 514 1578 τ’
538 1508 605 1579 ἀπ’
628 1513 921 1598 ἐπισσώτρων·
945 1509 1053 1591 οὕτως
1080 1510 1164 1579 κατά
1193 1516 1355 1577 συναλοι-

242 1610 313 1699 φήν
336 1615 373 1680 ἐν
392 1625 463 1692 ταίς
484 1610 710 1701 Ἀριστάρχου.
731 1620 773 1682 A.

326 1718 400 1781 538.
422 1711 531 1794 οὕτως
549 1712 759 1805 Ἀρίσταρχος
779 1719 902 1805 ῥῆξαί
920 1741 961 1783 τε
979 1714 1036 1782 διά
1054 1719 1117 1781 τοῦ
1138 1736 1183 1778 τε.
1204 1713 1247 1777 A.

327 1820 400 1882 539.
423 1817 556 1903 δονρό
564 1843 597 1896 ς·
614 1815 826 1904 Ἀρίσταρχος
844 1821 866 1884 δ
873 1823 970 1903 ονρί
989 1814 1073 1884 κατά
1095 1812 1243 1898 δοτικήν.
1267 1814 1309 1877 A.

327 1921 400 1982 546.
421 1913 662 2005 Ἀριστοφάνης
681 1918 732 1988 δι’
757 1916 915 2006 ὁμίλου.
936 1923 978 1986 A.

325 2024 398 2084 549.
421 2014 511 2086 οὕτω
536 2018 593 2086 διά
612 2027 674 2088 τοῦ
695 2045 713 2087 ο
736 2022 975 2089 ἐσσεύοντο.
995 2022 1038 2085 A.

330 2125 404 2185 553.
427 2115 578 2189 άντίοι·
597 2118 807 2208 Ἀρίσταρχος
828 2121 884 2189 διά
902 2128 964 2190 τοῦ
985 2148 1006 2189 ν
1027 2117 1180 2188 άντίον.
1208 2120 1250 2185 A.

327 2225 400 2286 564.
423 2222 687 2309 τηλίκλητοι·
705 2221 915 2310 Ἀρίσταρχος
931 2219 1354 2309 τολνηνερίες.Α.[9·]

328 2327 401 2388 600.
422 2318 633 2409 Ἀρίσταρχος
653 2325 828 2411 ἑστήκει.
851 2330 893 2393 Α.

329 2427 401 2489 622.
427 2420 537 2505 οὕτως
555 2423 611 2493 διά
632 2433 694 2494 τοῦ
715 2429 774 2514 τί,
797 2426 899 2494 στάν
919 2451 973 2494 τε.
997 2429 1039 2494 Α.

327 2528 400 2592 632.
428 2528 529 2612 διχοῖς
558 2527 768 2615 Ἀρίσταρχος
800 2515 871 2614 ἧχ’
896 2525 914 2596 ὁ
943 2525 1113 2614 γεραιός
1146 2529 1202 2593 καί
1229 2519 1303 2608 εἶχ’
1335 2518 1354 2587 ὁ

244 2624 431 2712 γεραιός.
453 2631 495 2696 A.
1264 2668 1267 2676 ·

328 2732 402 2795 672.
429 2736 653 2817 βοηλασίη·
676 2727 785 2811 οὕτως
800 2733 836 2799 δὲ
858 2733 977 2809 ἑνικῶς
991 2726 1218 2815 Ἀρίσταρχος·
1251 2731 1355 2812 βοη-

242 2831 371 2916 λασίη.
415 2833 458 2897 A.
481 2827 619 2912 Ἐνικως
646 2835 776 2922 saepius
800 2834 921 2920 legitur
949 2837 983 2898 in
1012 2831 1112 2898 schol.
1136 2831 1234 2911 Did„
1265 2836 1354 2893 ute.

241 2949 274 3009 g·
297 2936 329 2995 A
353 2935 414 2997 196
436 2939 477 3000 Μ
499 2939 538 3000 79
556 2939 594 2999 Ν
613 2940 684 2999 179.

328 3033 401 3097 686.
423 3036 567 3119 χρέως·
590 3031 700 3114 οὕτως
718 3030 928 3121 Ἀρίσταρχος
948 3036 1021 3120 χρί
1028 3058 1087 3112 ως.
1111 3035 1156 3100 D.

328 3136 401 3199 686.
413 3136 855 3224 ΑεὶείοοίοήΙἈριστοφάνης
868 3136 905 3203 δὲ
916 3160 961 3221 χρ
970 3148 1028 3202 ελο
1036 3136 1120 3214 ςκοδ
1131 3130 1302 3218 ὠφείλετο.
1311 3134 1353 3196 Α.

328 3237 401 3303 688.
425 3231 619 3321 ὄφειλον·
641 3233 750 3317 οὕτως
764 3233 975 3323 Ἀρίσταρχος
986 3234 1188 3321 ὄφειλον·
1205 3231 1301 3302 άλλοι
1318 3237 1355 3303 δὲ

242 3329 434 3420 ὄφελλον.
458 3339 500 3403 A.
527 3334 752 3424 [Ἀρίσταρχος
770 3333 958 3423 άφείλον.
980 3339 1036 3417 V.]

328 3442 400 3505 705.
423 3479 467 3492 —-
488 3439 679 3526 Ζηνόδοτος
698 3436 778 3507 οὐδὲ
800 3443 957 3527 ἔγραφεν.
980 3444 1022 3507 A.

328 3544 400 3606 764.
421 3580 464 3593 —
485 3538 673 3627 ήθετοῠντο
696 3542 751 3609 καί
774 3538 864 3628 παρά
881 3539 1112 3628 Ἀριστοφάνει
1134 3541 1169 3605 οί
1186 3549 1235 3609 ιθ.
1260 3543 1300 3606 Β.

328 3645 401 3706 773.
424 3639 538 3727 μηρί’
563 3647 673 3730 ἔκηε·
690 3640 903 3729 Ἀρίσταρχος
928 3649 1053 3730 μηρία
1072 3654 1175 3709 κατε.
1201 3645 1243 3707 A.

327 3746 400 3809 782.
423 3740 642 3830 η’θίλετον·
661 3744 851 3829 Ζηνόδοτος
872 3742 1090 3831 ἠθελέτην.
1109 3746 1151 3809 Α.

327 3847 400 3911 831.
424 3842 689 3930 δεδιδάχθαι·
713 3845 903 3933 Ζηνόδοτος
920 3844 1137 3914 δεδάσθαι.
1158 3849 1200 3912 A.

326 3950 399 4014 838.
423 3950 501 4014 ἒοι·
523 3946 713 4034 Ζηνόδοτος
732 3947 789 4015 διά
809 3953 871 4014 τοῦ
893 3973 914 4032 η
937 3951 1018 4033 ἔην.
1040 3950 1083 4015 A.

328 4052 400 4114 841.
424 4060 511 4115 σελο
534 4049 717 4135 μεθήσω·
740 4048 929 4136 Ζηνόδοτος
950 4045 1024 4115 σεῖ’
1048 4045 1256 4134 ἀμελήσω·
1279 4070 1357 4113 ποι-

242 4147 445 4234 ητικώτερον
458 4149 494 4215 δὲ
519 4148 557 4216 τό
578 4150 703 4235 ἕτερον.
725 4155 767 4218 A.
812 4153 904 4217 Haec
926 4162 1065 4239 quatuor
1081 4153 1183 4217 verba
1197 4173 1256 4216 nos
1271 4172 1357 4215 com·

241 4261 382 4333 movent,
405 4259 441 4315 ut
456 4252 601 4337 Didymo
623 4255 805 4319 tribuamus
825 4254 884 4317 has
899 4254 1137 4337 adnotationes,
1159 4275 1357 4342 quamquam

241 4351 448 4418 Aristonicus
472 4352 594 4419 eisdem
616 4355 657 4420 de
679 4354 873 4419 lectionibus
896 4356 1020 4421 dixisse
1043 4356 1207 4442 putandus
1230 4363 1290 4420 est.
