2948 5024
242 389 301 447 154
697 383 891 455 *E-

322 554 407 635 1389.
452 545 561 626 οὕτως
592 546 649 614 διὰ
679 552 741 614 τοῦ
773 572 794 612 α
826 550 1009 632 γραπτέον·
1049 546 1273 616 τάνυσσαν.
1312 556 1354 619 A.

239 652 448 720 Friedlaend.
471 675 504 738 p.
529 655 590 716 236
613 653 734 717 rectius
757 652 946 717 Aristonico
970 653 1124 719 tribuisse
1146 653 1302 738 videtum}

324 761 397 821 397.
430 748 575 839 όρετο·
604 756 642 819 ἒν
668 770 734 819 τισι
763 757 832 820 τῶν
860 748 1111 839 ὑπομνημάτων
1139 748 1276 841 όρορε
1301 757 1356 823 καὶ

238 861 330 924 ἔστιν
352 852 471 942 ὅμοιον
492 860 539 945 τῷ
567 851 677 941 ὤρορ’
701 854 835 936 ἐπαΐξας
857 857 912 943 (ΙΙ.
935 862 963 923 Β
990 858 1074 944 146).
1097 859 1140 923 A.

325 962 397 1026 398.
417 954 573 1024 τόσσον
593 981 656 1040 γε·
679 952 788 1035 οὕτως
809 950 866 1025 διὰ
886 962 948 1023 τοῦ
969 983 1009 1043 ν,
1032 954 1188 1023 τόσσον
1210 956 1354 1044 γεἈρί-

241 1081 381 1146 σταρχος
403 1056 595 1144 Ζηνόδοτος
610 1058 764 1136 τόσσος
783 1082 839 1141 γε.
860 1059 902 1124 A.

321 1168 393 1228 466.
428 1156 543 1246 ὅσση·
567 1163 630 1239 ἔξω
651 1162 713 1225 τοῦ
731 1183 750 1224 τ
772 1161 809 1224 αἱ
825 1154 1053 1245 Ἀριστάρχου.
1075 1157 1184 1241 οὕτως
1206 1162 1262 1229 καὶ
1283 1169 1353 1248 Ζη-

242 1264 384 1342 νόδοτος
405 1263 461 1330 καὶ
480 1258 733 1347 Ἀριστοφάνης.
757 1256 852 1327 άλλοι
871 1259 1012 1347 τόσση.
1034 1264 1107 1329 AB.

323 1367 397 1429 412.
431 1362 655 1449 βεβλήκει·
692 1357 801 1442 οὕτως
828 1366 890 1442 ἔξω
912 1368 976 1430 τοῦ
998 1389 1020 1430 ν
1045 1363 1265 1451 βεβλήκει,
1299 1367 1354 1433 καὶ
1421 1352 1429 1365 ’

237 1464 322 1534 ἄνευ
344 1471 407 1534 τοῦ
429 1490 455 1533 ε.
498 1462 688 1551 Ζηνόδοτος
710 1464 764 1531 καὶ
783 1460 1026 1550 Ἀριστοφάνης
1048 1466 1115 1532 σύν
1133 1472 1180 1557 τρῖ
1209 1492 1249 1555 ν,
1279 1474 1354 1555 βε-

239 1567 428 1656 βλήκειν.
451 1570 493 1635 A.
778 1656 781 1660 ⁴

320 1677 394 1738 416.
425 1663 668 1756 Ἀριστοφάνης
696 1667 733 1736 δὲ
761 1666 839 1736 τὸν
861 1666 895 1737 δ’
918 1664 1056 1736 οὔτιν’
1081 1673 1171 1755 ἔχει
1193 1668 1355 1755 θράσος

240 1768 354 1852 ὅστις
374 1775 528 1857 ἴδηται.
553 1771 595 1838 A.

324 1876 397 1938 418.
421 1862 521 1937 άκα·
544 1866 755 1956 Ἀρίσταρχος
775 1869 869 1938 ὠκύ.
893 1873 935 1938 A.

321 1970 439 2052 άλλως.
464 1967 485 2058 ἡ
508 1971 544 2037 δὲ
564 1968 828 2059 Μασσαλιωτικη
853 1974 908 2039 καὶ
931 1969 952 2060 ἡ
975 1977 1040 2041 Χία
1061 1964 1156 2041 ὦκα.
1178 1975 1220 2040 A.

323 2079 397 2141 427.
418 2070 609 2160 Ζηνόδοτος
629 2069 686 2140 διὰ
707 2079 770 2140 τοι]
791 2099 810 2139 τ
828 2080 911 2140 τῶν
931 2070 962 2141 τ’
981 2071 1131 2142 ἄλλων.
1153 2077 1353 2161 διήλλαττον

240 2217 276 2281 δὲ
293 2214 330 2278 αἱ
343 2206 569 2297 Ἀριστάρχου,
588 2181 796 2292 άκηδεσδν
813 2210 868 2276 καὶ
890 2206 1141 2298 άκηδέσατο,
1163 2207 1353 2297 ἀκηδέστως

241 2320 349 2400 ἔσχον.
373 2318 415 2381 Α.

321 2422 405 2485 437.·
428 2409 484 2482 διά
506 2416 568 2479 τοῦ
591 2435 607 2478 ε
629 2414 666 2478 αἱ
686 2409 901 2498 Ἀριστάρχου
929 2413 983 2479 καὶ
1007 2418 1044 2481 αἱ
1065 2420 1218 2500 τελείους,
1250 2413 1352 2483 άτιδ-

240 2538 403 2607 μεσσεν.
425 2514 648 2602 Ζηνοδότειος
672 2517 711 2582 δέ
731 2515 823 2581 ἐστιν
845 2511 865 2600 ἡ
888 2512 944 2580 διὰ
964 2521 1026 2581 τοῦ
1051 2541 1073 2582 α
1095 2512 1350 2600 άτιέμασσεν.

300 2666 302 2668 -
324 2616 467 2688 438.τῶ
488 2621 533 2685 δέ
553 2620 597 2684 οἱ
615 2614 731 2685 ὄσσε·
754 2613 1093 2702 οὕτωςἈρίσταρχος,
1115 2612 1211 2685 ἄλλοι
1224 2616 1261 2684 δὲ
1276 2619 1352 2686 κὰδ

241 2725 288 2791 δέ
308 2725 349 2790 οἱ
366 2719 474 2788 ὄσσε.
497 2722 539 2789 A.

324 2827 410 2913 [445.
432 2823 623 2908 Ζηνόδοτος
645 2816 724 2905 παρ’
751 2814 856 2904 ὄχθης
878 2819 930 2908 V.]

322 2929 397 2989 456.
417 2919 525 3004 οὕτως
546 2922 702 3008 κόμισε
724 2920 825 3005 χωρὶς
846 2924 909 2985 τοῦ
930 2944 962 2985 ν.
987 2923 1028 2986 Α.

322 3030 407 3109 [464.
428 3023 633 3109 Ἀρχέλοχος·
654 3020 864 3108 Ἀρίσταρχος
885 3016 1141 3105 άναλογάτερον
1163 3026 1224 3088 τοῦ
1242 3017 1352 3106 Ἀρχι-

240 3127 355 3211 λόχου,
379 3121 424 3205 ὡς
444 3123 636 3210 Φερένικος,
658 3126 842 3201 Μενέλαος.
864 3124 919 3207 V.l

324 3249 396 3312 469.
433 3240 619 3329 άμάμονι
643 3241 993 3328 Πουλυδάμαντι·
1027 3241 1215 3328 Ζηνόδοτος
1242 3237 1351 3326 άμά-

239 3370 344 3433 μονα
367 3344 720 3430 Πουλυδάμαντα.
742 3346 784 3411 A.

321 3470 394 3531 474.
428 3459 536 3551 αὐτῷ
558 3459 634 3549 γάρ
656 3462 809 3547 γενεὴν
831 3458 1008 3549 ἄγχιστα
1030 3462 1167 3553 ἐφ’κει·
1204 3458 1353 3544 Ἀριστο-

239 3568 349 3653 φάνης
370 3561 481 3655 αάτῷ
503 3562 580 3651 γάρ
600 3565 649 3650 ρα
670 3560 786 3650 φυὴν
807 3560 984 3649 άγχιστα
1006 3568 1156 3631 ἔοικεν.
1180 3567 1222 3632 A.

323 3690 396 3752 485.
437 3685 644 3751 Aristonicus
668 3685 682 3770 Η
708 3680 897 3767 Ζηνόδοτος
929 3679 966 3747 δὲ
1003 3682 1064 3748 ἐνὶ
1099 3680 1352 3768 μεγάροισιν

238 3782 358 3872 άρῆς,
380 3781 426 3865 ὡς
446 3786 517 3853 ἐκεῖ
532 3787 643 3872 ’ἐμεῖο
659 3783 697 3851 δὲ
721 3786 824 3868 δῆσεν
847 3778 958 3867 ἀρῆς)
979 3785 1021 3850 A.

323 3908 397 3970 499.
422 3899 440 3969 ὁ
464 3903 510 3971 δὲ
530 3908 587 3990 φη
606 3902 786 3971 κοτ’δειαν
808 3899 1018 3988 άνασχάν·
1041 3898 1059 3970 δ
1083 3902 1145 3988 μὲν
1161 3900 1352 3989 Ζηνόδοτος

239 4004 293 4071 καὶ
311 4001 373 4072 τόν
398 4008 443 4072 δέ
462 4008 518 4072 καὶ
534 4004 599 4072 τόν
619 4004 674 4092 φή
697 4006 853 4092 ἐγκλίνει,
875 4009 931 4073 ἵνα
953 4001 990 4071 τδ
1010 4007 1058 4091 φή
1079 4001 1205 4072 ταύτόν
1218 3999 1355 4091 ὑπάρχῃ

238 4111 284 4196 τῷ
307 4101 352 4185 ὡς
371 4105 427 4172 καὶ
447 4101 484 4171 τό
504 4106 846 4192 μεταλαμβανόμενον
868 4112 1026 4174 τοιοῦτον
1048 4098 1086 4194 ᾖ,
1115 4102 1132 4172 ὁ
1157 4106 1194 4175 δὲ
1217 4103 1263 4186 ὡς
1284 4104 1353 4172 κιό-

238 4212 334 4273 δειαυ
357 4202 513 4290 άνασχώυ
535 4206 689 4290 πέφραδέ
706 4232 741 4274 τε
764 4206 946 4293 Τρώεσσιν.
969 4203 988 4273 ὁ
1008 4207 1045 4274 δὲ
1064 4204 1275 4292 Ἀρίσταρχος
1297 4207 1355 4273 ἐκ·

240 4305 420 4391 δεξάμενος
442 4303 479 4374 τό
506 4307 572 4391 ἔφη
593 4308 682 4394 βῆμα
710 4305 834 4394 ὁμοίως
864 4312 911 4398 τῷ
940 4309 1000 4394 ἔβη
1021 4311 1117 4375 δοκεῖ
1136 4304 1272 4376 ἀθετεῖν
1293 4303 1354 4374 τὸν
