2962 5018
1197 426 1254 488 271

148 586 258 649 Bekk.
278 584 416 650 anecdd.
441 589 519 668 350,
548 588 600 649 25Ι
613 586 761 673 (Βο011111.
784 586 802 649 Ι
821 608 853 671 p.
874 587 932 666 38,
957 586 1010 670 10)
1035 608 1108 651 mea
1129 587 1170 651 de
1191 588 1258 653 lexi

147 687 286 773 Didymi
316 689 442 772 tragica
476 686 589 774 (Soph.
622 686 675 750 ΕΙ.
710 687 786 771 727)
821 686 1049 751 dissertatione
1079 710 1112 774 p.
1145 693 1203 752 104
1226 700 1258 754 et

147 811 264 853 comm.
288 788 340 851 ΙΙΙ
363 813 395 875 p.
425 795 462 854 14
492 787 792 877 (01011.18538.);
822 787 923 851 schol.
947 788 989 852 ad
1005 788 1074 853 00.
1097 794 1158 854 947
1179 791 1255 855 0011.

147 890 292 975 Hesyoh.
324 887 429 972 πάγος
457 898 489 955 01
516 890 625 954 Bekk.
651 889 788 954 anecdd.
817 890 894 970 212,
925 893 980 973 193
1003 900 1036 953 et
1061 892 1161 956 schol.
1185 893 1254 957 00.

146 995 219 1073 954,
239 1014 270 1077 q.
284 991 305 1055 Ι.
320 991 363 1055 ad
376 990 602 1055 collectionem
616 1013 708 1055 suam
721 989 913 1074 adagiorum
931 990 1062 1054 videtur
1082 994 1255 1079 respicere.

146 1092 324 1155 Observari
348 1093 489 1179 denique
506 1101 649 1156 meretur
676 1090 872 1155 scholiorum
894 1090 992 1177 Soph.
1021 1114 1095 1156 cum
1123 1094 1257 1159 scholiis

146 1194 349 1280 Euripideis,
376 1215 514 1280 quorum
534 1202 660 1279 partem
686 1215 707 1255 a
727 1192 873 1278 Didymo
895 1193 1077 1278 profectam
1098 1216 1170 1259 csse
1196 1198 1256 1260 sci-

145 1316 235 1377 mus,
259 1317 455 1377 consensum
476 1317 504 1358 e.
524 1317 556 1378 g.
579 1294 632 1357 El.
654 1296 694 1357 62
713 1302 745 1357 et
759 1292 881 1356 Phoen.
903 1296 965 1356 752
988 1295 1127 1359 eundem
1150 1297 1256 1359 virum

145 1397 275 1461 doctum
298 1399 546 1483 interpretatum
570 1416 641 1459 esse
675 1394 762 1458 haud
784 1393 907 1458 absone
940 1416 983 1457 ex
1008 1417 1171 1460 consensu
1193 1406 1256 1461 sta-

142 1505 226 1562 tuas.
273 1497 461 1564 Oontendas
484 1497 581 1560 etiam
604 1496 705 1560 schol.
728 1495 781 1559 ΕΙ.
805 1497 845 1557 87
869 1517 942 1559 011111
960 1496 1146 1582 Phrynicho
1169 1499 1255 1563 Bek-

144 1598 218 1662 keri
240 1622 266 1664 s.
289 1623 321 1664 v.
346 1592 536 1680 αὐτοέντης.

235 1700 349 1787 Neque
377 1702 410 1762 in
439 1699 501 1762 hac
529 1719 645 1762 caussa
666 1698 761 1762 flocci
790 1697 942 1762 facienda
964 1706 1013 1761 est
1035 1700 1256 1785 exquisitioris

146 1801 330 1883 doctrinae,
364 1823 460 1888 quam
492 1823 570 1887 prae
603 1800 720 1864 ceteris
753 1797 875 1862 scholia
908 1800 941 1862 in
968 1798 1037 1863 00.
1073 1802 1257 1886 ostendunt,

146 1902 241 1987 copia
277 1903 323 1964 ita
348 1912 551 1988 comparata,
589 1911 625 1965 ut
651 1923 716 1965 non
744 1899 902 1965 modoad
929 1921 1047 1963 aevum
1070 1906 1257 1986 grammati-

146 2023 203 2065 cae
222 2001 494 2087 Alexandrinum,
519 2006 578 2069 sed
600 2004 642 2067 ad
665 2004 773 2089 ipsum
794 2001 975 2087 Didymum
997 2000 1254 2069 literatissimum

72 2147 77 2157 ·
145 2103 309 2167 hominem
331 2124 390 2167 nos
411 2104 529 2169 ducere
549 2106 712 2170 videatur.
757 2102 872 2189 Neque
892 2102 1039 2188 profecto
1067 2105 1158 2168 casui
1178 2105 1257 2170 dan·

146 2205 223 2269 dum
246 2205 323 2287 erit,
346 2205 433 2291 1111011
451 2206 485 2268 111
507 2208 615 2271 indice
635 2207 828 2291 scriptorum
851 2206 887 2268 in
908 2203 1040 2268 scholiis
1062 2205 1122 2270 La.
1146 2206 1257 2273 lauda·

144 2314 253 2369 torum
274 2305 384 2370 nullus
403 2315 573 2395 appareat,
596 2308 650 2394 qui
673 2307 819 2392 Didymo
840 2308 1002 2393 posterior
1025 2309 1163 2390 vixerit,
1190 2309 1257 2373 He·

146 2406 275 2470 rodiani
293 2407 394 2471 semel
420 2409 573 2473 iniectam
596 2407 680 2495 (00.
706 2407 780 2488 195)
805 2409 1002 2472 mentionem
1025 2409 1053 2469 si
1075 2412 1256 2496 exceperis,

147 2530 244 2595 quam
277 2507 416 2573 conflato
446 2511 575 2597 corpori
613 2508 807 2572 scholiorum
841 2509 1047 2571 extrinsecus
1078 2512 1256 2574 accessisse

144 2611 350 2675 verosimile
373 2621 437 2693 est,
468 2612 615 2698 adeoque
638 2610 851 2697 posteriorem
880 2607 940 2671 Pio
969 2607 1072 2671 altero
1094 2631 1255 2676 commen-

145 2718 249 2776 tatore
283 2720 422 2776 aetatem
452 2714 547 2799 sapit.
599 2711 779 2797 Scriptores
808 2730 887 2772 vero
909 2709 1043 2773 indicati
1064 2714 1255 2798 saepissime

146 2822 179 2875 et
206 2821 322 2898 poetae
342 2822 435 2895 sunt,
463 2814 581 2901 quibus
603 2813 783 2900 Didymum
808 2832 940 2897 operam
969 2833 1108 2877 navasse
1136 2815 1255 2879 lucem-

145 2935 208 2999 que
230 2916 471 2979 commentariis
489 2914 638 2978 attulisse
657 2917 788 2998 scimus,
812 2913 997 3000 Aeschylus
1017 2914 1254 3002 Aristophanes

146 3014 316 3096 Cratinus,
345 3014 482 3103 Eupolis
498 3016 675 3104 Euripides
703 3016 867 3082 Hesiodus
896 3015 1057 3080 Homerus
1090 3018 1253 3083 Pindarus

144 3114 321 3201 Sophocles
343 3124 376 3179 et
403 3139 510 3180 rerum
537 3120 712 3206 scriptores
739 3118 780 3183 ab
802 3118 1038 3182 Alexandrinis
1067 3124 1254 3205 grammati·

143 3218 191 3281 cis
212 3217 287 3304 plus
309 3219 459 3284 minusve
481 3221 623 3303 excussi,
643 3241 779 3307 quorum
801 3241 859 3285 nos
881 3220 1041 3308 hodieque
1063 3225 1253 3286 memoriam

143 3318 282 3382 fortasse
312 3321 408 3384 unius
437 3321 575 3407 Didymi
615 3322 720 3386 labori
761 3321 931 3404 debemus,
967 3323 1129 3387 Androtio
1169 3322 1254 3386 Ister

145 3419 353 3507 Pherecydes
376 3421 589 3488 Philochorus
610 3424 743 3488 Polemo
769 3424 882 3511 (Prell.
907 3424 1030 3489 Polem.
1052 3447 1084 3509 p.
1108 3423 1163 3507 29)
1187 3423 1251 3486 He·

143 3521 280 3584 rodoms
308 3522 525 3609 Lysimachus
554 3524 720 3590 Neanthes
755 3525 958 3612 Phylarchus
989 3525 1136 3610 Satyrus.
1188 3521 1252 3585 Sed

145 3620 186 3683 de
208 3620 270 3684 hoc
293 3633 486 3706 argumento
509 3625 663 3689 Wolffius
686 3650 718 3711 p.
738 3627 789 3687 23.
815 3627 855 3687 24
877 3623 1008 3689 abunde
1030 3626 1124 3689 dixit.
1170 3624 1252 3688 Gra·

144 3720 313 3783 vissimum
341 3744 422 3786 vero
449 3734 691 3808 argumentum,
717 3726 809 3788 cuius
839 3725 872 3787 in
900 3723 962 3786 hac
988 3724 1029 3788 de
1056 3723 1252 3788 scholiorum

143 3820 290 3886 fontibus
300 3824 491 3909 quaestione
504 3845 630 3888 summa
636 3825 812 3889 auctoritas
829 3832 889 3904 est,
901 3823 936 3887 in
954 3845 992 3887 eo
1008 3825 1148 3910 positum
1161 3825 1252 3890 vide-

142 3931 210 4005 tur,
229 3923 327 4009 quod,
351 3933 387 3987 ut
407 3925 442 3988 in
463 3924 691 3989 dissertatione
714 3924 755 3989 de
776 3924 843 3990 10111
866 3924 992 4008 tragica
1009 3926 1162 4011 exposui,
1182 3925 1252 4011 plu-

142 4026 243 4088 rimae
275 4025 509 4092 roeabulorum
540 4025 791 4114 explicationes,
820 4047 901 4112 quas
930 4047 950 4088 a
970 4026 1115 4112 Didymo
1145 4027 1252 4113 profe-

141 4136 211 4191 ctas
234 4149 307 4192 esse
328 4138 460 4215 recepta
478 4129 513 4192 in
528 4127 730 4212 Hesychium
748 4129 833 4203 λεξις
854 4124 995 4211 τραγική
1018 4126 1188 4215 probabile
1206 4127 1252 4191 fa-

141 4229 201 4311 cit,
230 4230 346 4295 iisdem
374 4229 443 4294 fere
474 4230 526 4294 vel
551 4230 665 4316 paucis
695 4231 918 4295 tantummodo
941 4230 1117 4294 immutatis
1141 4228 1251 4293 verbis

140 4328 175 4392 in
195 4329 328 4395 scholiis
350 4353 479 4419 quoque
500 4331 798 4418 deprehenduntur.
827 4333 936 4417 Atque
957 4329 1038 4395 haee
1060 4352 1178 4396 caussa
1193 4340 1252 4414 est,
1309 4336 1312 4341 ‘
