2962 5024
1198 412 1260 475 237

149 575 291 662 ἥμενος,
312 577 370 641 alii
390 571 531 660 ἡμέυως.
566 576 737 641 Thiersch.
761 572 872 661 ἡμένω
894 577 1043 641 coniecit.
1079 576 1264 641 Lenissima

104 720 106 723 -
151 680 298 767 profecto
323 689 420 767 atque
443 680 538 743 unice
560 687 644 764 apta.
659 689 709 743 est
725 679 862 765 Didymi
883 677 1021 742 medela.
1068 682 1264 743 HMENOC

152 785 239 845 enim
265 780 331 866 legi
360 789 468 868 potest
496 774 652 864 ἡμένους.
678 818 721 828 -
746 780 785 843 V.
808 779 920 845 Wolff.
945 778 1046 844 schol.
1074 778 1173 867 Soph.
1200 781 1260 844 La.

149 907 182 970 p.
210 888 247 947 19
271 893 303 947 et
325 882 426 948 schol.
450 882 548 969 soph.
571 880 650 946 Ant.
669 885 730 947 798
752 881 933 967 (παρέδρος
953 890 985 945 et
1007 879 1198 969 πάρεδρος).

680 1074 720 1133 54

241 1187 344 1251 Inser.
360 1188 453 1253 Nem.
466 1194 517 1254 ΙΑ
536 1213 568 1275 p.
585 1192 646 1251 510
669 1181 751 1252 οὐδὲ
771 1182 873 1270 ὅλως,
894 1185 999 1270 φησίν
1021 1179 1039 1253 ὁ
1060 1190 1264 1272 Δίδυμος,

153 1286 253 1372 ἐχρῆν
281 1285 344 1372 τὴν
370 1283 463 1378 ᾠδὴν
489 1287 616 1372 ταύτην
644 1290 690 1366 είς
718 1282 797 1364 τούς
831 1286 1003 1366 έπινίκους
1029 1293 1263 1354 συνενῶσθαι·

151 1384 193 1454 ού
217 1387 281 1473 γάρ
304 1388 398 1475 ἱερὸν
422 1386 537 1473 ἀγῶνα
556 1393 733 1474 νενίκηκεν
753 1383 771 1454 ὁ
792 1383 1037 1474 Ἀρισταγόρας,
1058 1385 1142 1457 άλλά
1165 1414 1262 1475 περι-

153 1489 295 1575 χώρους.
341 1488 533 1578 γεγράφθαι
557 1491 623 1579 (δέ)
647 1508 731 1575 φησι
751 1485 814 1573 τὴν
835 1484 927 1577 ᾠδὴν
948 1495 994 1568 είς
1008 1490 1265 1577 πρυτανεύοντα

152 1591 207 1657 καὶ
240 1597 299 1677 τῆς
328 1590 457 1670 πόλεως
490 1597 683 1676 προεστῶτα
714 1586 776 1658 τόν
806 1587 1063 1677 Ἀρισταγόραν,
1077 1638 1081 1651 ι.
1097 1593 1201 1677 σαφές
1227 1594 1263 1659 δὲ

152 1700 252 1761 τοῦτο
276 1695 309 1772 ἐξ
333 1684 383 1759 ὦν
404 1715 510 1779 φησιν
533 1696 580 1782 (v.
606 1696 677 1781 10)·
707 1687 810 1759 άλλά
834 1689 912 1759 σύν
935 1693 1033 1781 δόξᾳ
1054 1697 1171 1772 τέλος
1190 1698 1265 1759 δυ-

153 1794 431 1881 ωδεκάμηνον
456 1792 642 1880 περάσει.
687 1790 880 1879 ἠπατῆσθαι
902 1796 942 1861 δέ
961 1814 1067 1880 φησιν
1085 1790 1107 1862 ,ὁ
1130 1798 1265 1862 Δίδυ-

154 1922 228 1983 μος
251 1899 378 1980 ένίους,
399 1891 444 1975 ὡς
463 1899 577 1963 δοκεῖν
591 1893 703 1981 ίερούς
722 1894 912 1982 στεφάνους
934 1893 1041 1964 αύτδν
1060 1892 1263 1984 ἀνῃρῆσθαι.

155 1994 211 2064 διὰ
233 2003 291 2082 της
314 1992 403 2087 ᾠδῆς
429 1996 466 2063 δὲ
488 2003 698 2083 σημαίνεται,
719 1993 771 2063 ότι
792 1996 981 2082 στεφάνους
1004 2003 1099 2086 ἔσχεν
1117 1995 1163 2078 ὡς
1184 2000 1264 2065 δέκα

154 2100 207 2184 ἔξ,
235 2095 311 2165 ἀλλ’
342 2094 417 2182 ούχί
442 2097 675 2184 περιοδικούς,
699 2094 745 2176 ὡς
763 2099 1005 2186 ἐπλανήθησαν
1027 2103 1064 2168 ἐκ
1084 2106 1146 2168 τοῦ
1168 2103 1264 2185 λέγε-

156 2210 251 2268 σθαι·
293 2201 459 2279 ἐλπίδες
480 2195 512 2264 δ’
530 2196 811 2287 ὀκνηρότεραι
831 2203 990 2285 γονέων
1004 2199 1152 2280 παιδὸς
1167 2207 1265 2287 βίαν

156 2306 280 2389 ἔσχον
310 2303 354 2368 ἐν
381 2305 559 2367 Πυθῶνι
585 2305 812 2384 πειρᾶσθαι
840 2303 908 2368 καί
931 2297 1133 2392 Ὀλυμπίᾳ
1158 2300 1264 2369 ἀέθ-

155 2411 248 2471 λων.
286 2399 328 2469 ού
351 2402 416 2490 γὰρ
436 2409 589 2487 σημαίνει
612 2398 667 2467 διὰ
689 2400 831 2487 τούτων,
855 2398 900 2482 ὡς
915 2400 1052 2490 Ἴσθμια
1074 2406 1129 2471 καί
1149 2405 1262 2488 Νέμεα

156 2502 372 2589 νενικηκότος
396 2501 522 2588 αὐτοῦ,
550 2499 634 2569 ἀλλά
661 2498 863 2568 τούναντίου
888 2507 922 2569 οί
947 2517 1063 2593 γονεῖς,
1086 2501 1132 2571 δι’
1163 2500 1264 2570 εύλά-

156 2612 253 2692 βειαν
282 2602 487 2691 συγγενικὴν
513 2600 577 2670 ούκ
603 2600 801 2669 ἀπέστειλαν
829 2600 935 2671 αύτόυ
962 2606 1022 2672 ἐπί
1045 2607 1124 2684 τούς
1151 2600 1264 2689 ίερούς

155 2705 364 2792 στεφάνους,
393 2707 464 2774 ἐπεί
491 2699 555 2772 κᾶν
572 2700 708 2789 Ἴσθμια
734 2704 790 2770 καὶ
808 2708 922 2792 Νέμεα
952 2703 1092 2791 εἰλήφει.
1137 2706 1264 2771 ἐποίσει

155 2806 235 2894 γάρ·
258 2808 326 2872 ναὶ
346 2808 399 2892 μά
417 2803 493 2893 γάρ
512 2803 660 2893 ὅρκον,
686 2802 787 2891 ἐμάν
817 2805 946 2886 δόξαν
969 2803 1076 2893 παρὰ
1101 2812 1265 2873 Καστα-

155 2913 222 2998 λίᾳ
242 2909 311 2975 καί
332 2906 427 2995 παρ’
454 2903 668 2997 εύδένδρφ
690 2903 830 2992 μολόν
850 2903 962 2998 όχθφ
987 2908 1154 2995 Κρόνου
1172 2906 1265 2975 κάλ-

156 3016 249 3076 λιον
269 3003 318 3074 ἂν
340 3009 588 3095 δηριώντων
606 3005 843 3092 ένεστησατ’
866 3005 1113 3077 ἀντιπάλων.
1146 3005 1265 3095 ὀμνύει

158 3109 223 3196 γὰρ
245 3105 264 3176 ὁ
287 3113 475 3197 Πίνδαρος,
504 3108 556 3179 ότι
576 3109 659 3177 κατὰ
681 3106 743 3195 τὴν
766 3111 888 3179 ἑαυτοῦ
912 3110 1030 3199 δόξαν,
1056 3115 1087 3178 εί
1106 3112 1265 3198 ἐξεδήμη-

156 3230 216 3279 σεν
246 3216 293 3292 είς
314 3217 480 3280 Πυθῶνα·
493 3214 548 3279 καί
567 3209 767 3298 Ὀλυμπίαν,
796 3212 934 3280 κάλλιον
960 3207 1088 3281 άντων
1111 3211 1265 3299 ἀνταγω-

156 3318 282 3382 νιστων
304 3313 550 3398 ἐπανεληλύθει
577 3317 623 3394 είς
642 3312 704 3400 την
726 3317 885 3400 πατρίδα,
914 3315 1087 3381 τουτέστιν
1111 3317 1265 3399 ἐνίκησεν

155 3411 209 3482 άν.
252 3421 318 3483 νῦν
341 3416 377 3483 δὲ
400 3418 531 3495 ἐλπίδες
550 3412 768 3504 ὀκνηρότεραι
789 3419 950 3501 κατέσχον
971 3421 1040 3484 των
1057 3418 1187 3501 γονέων
1209 3413 1265 3481 αύ·

78 3546 83 3559 ·
157 3517 235 3602 τόν,
266 3513 418 3584 διὸούδ’
446 3513 533 3596 ὅλως
561 3518 771 3604 έξεδήμησεν.
823 3519 1029 3585 συντακτέον
1055 3507 1136 3602 ούν,
1160 3516 1266 3600 φησίν

158 3613 177 3683 ὁ
200 3619 391 3701 Δίδυμος
418 3621 464 3695 είς
483 3613 524 3682 τά
547 3625 720 3705 παροίνια,
752 3617 842 3686 καθά
865 3620 920 3684 καὶ
941 3631 1009 3696 τοῖς
1030 3616 1107 3701 περί
1121 3612 1182 3682 τδν
1198 3622 1263 3681 Φα-

160 3721 297 3800 σηλίτην
318 3712 461 3797 ἀρέσκει.
482 3720 495 3802 Η
517 3714 603 3796 ὅλως
624 3709 688 3783 οὖν
710 3718 767 3785 κτὲ
787 3723 852 3783 iam
873 3719 956 3784 alius
976 3727 1061 3783 sunt.

245 3816 376 3882 ‘Voluit
402 3818 503 3901 igitur
528 3817 692 3904 Didymus
719 3820 762 3884 ad
789 3817 906 3883 σκολιά
933 3817 1072 3900 referre,
1098 3821 1162 3883 nisi
1182 3819 1267 3883 forte

160 3920 329 4002 παρθένια
352 3916 576 4000 scribendum,
606 3927 643 3983 ut
659 3919 702 3983 ad
721 3920 852 3983 tertium
872 3918 990 3985 librum
1007 3920 1267 4000 Partheniorum‚

160 4021 215 4106 qui
248 4021 393 4084 carmina
425 4020 571 4085 miscella
605 4019 894 4105 complectebatur,
922 4019 1098 4097 retulerit.’
1141 4019 1266 4103 Bergk.

158 4120 210 4184 ed.
232 4120 287 4184 alt.
309 4144 340 4206 p.
357 4125 426 4185 195.
457 4119 639 4184 Prudenter
650 4121 812 4209 Dionysio
824 4120 1009 4185 Phaselitae
1028 4120 1191 4206 Didymus
1210 4118 1265 4182 ob-

160 4230 290 4286 secutus
309 4231 369 4286 est.
401 4222 454 4287 ef.
469 4221 703 4308 Bernhardyus
724 4224 882 4287 succinet.
907 4222 955 4286 lit.
976 4222 1033 4286 Gr.
1046 4221 1122 4285 hist.
1135 4221 1170 4283 ΙΙ
1192 4221 1266 4284 527.
