2948 5024
583 422 781 483 -B—
1176 420 1235 482 123

126 586 192 675 γάρ
207 583 349 673 Ὑριέως·
371 585 426 652 καί
456 581 582 672 ήῪρία
614 580 723 663 οὕτως
751 578 881 668 ὀφείλει
911 587 1000 668 ἔχειν
1031 582 1091 651 τόν
1122 589 1183 650 τοῦ
1214 610 1237 651 υ

125 688 296 774 φθόγγον.
325 700 491 774 μαρτυρεῖ
511 689 566 754 καί
584 682 738 765 Ἡσιόδος
759 685 867 771 λέγων
889 679 930 771 *ή
950 688 1026 772 οἴην
1041 682 1132 771 Ὑρίη
1154 693 1237 754 Βοι-

126 798 206 877 ωτίη
230 795 348 876 ἔτρεφε
370 789 531 874 κούρην.’
575 792 617 857 Α.

213 899 286 959 516.
330 897 410 959 τῶν
429 894 489 959 δέ·
520 890 603 958 κατά
626 888 765 975 δοτικήν
787 903 872 969 τοίς
895 893 939 956 δέ
961 892 998 956 αί
1008 887 1238 977 Ἀριστάρχου.

127 998 181 1063 καί
203 999 295 1062 ἔστιν
316 990 435 1081 ὅμοιον
456 999 503 1084 τῷ
532 1004 664 1061 *τοῖσι
690 989 724 1060 δ’
753 988 817 1077 ἅμ’
847 989 1110 1079 όγδάκοντα’
1134 996 1239 1082 (568),

127 1099 181 1165 καί
209 1096 247 1164 τά
276 1095 390 1164 ἑνικόν
417 1101 487 1186 ’τῷ
515 1094 551 1164 δ’
580 1090 659 1182 ἅμα
687 1093 1024 1176 τεσσαράκοντα’
1050 1097 1154 1185 (531).
1196 1099 1237 1163 A.

128 1203 170 1268 of.
193 1204 266 1266 733.
863 1252 867 1262 .
959 1212 964 1220 ’

208 1307 282 1368 517.
326 1298 528 1387 Φωκήων·
551 1299 591 1366 τά
608 1305 748 1367 τοιαῦτα
762 1304 862 1386 διχως
880 1302 918 1368 έν
936 1314 1008 1380 ταῖς
1020 1298 1238 1388 Ἀριστάρχου

125 1398 342 1489 εὑρίσκομεν,
363 1403 418 1470 καί
441 1401 498 1470 διά
518 1409 581 1470 τοῦ
600 1426 629 1470 ει
642 1407 848 1491 Φωκείων,
870 1404 925 1471 καί
944 1401 1001 1472 διά
1022 1408 1084 1471 τοῦ
1104 1428 1126 1490 η
1145 1411 1238 1473 Φω-

124 1503 246 1591 κήων.
281 1507 357 1572 ΑΙ).

211 1613 284 1674 579.
330 1603 481 1693 οὕτωςή
506 1609 601 1690 ἑτέρα
622 1613 692 1674 των
713 1604 988 1694 Ἀρισταρχείων,
1012 1609 1067 1674 καὶ
1090 1612 1158 1675 ἔστι
1178 1633 1239 1694 χα-

125 1712 279 1794 ριεστέρα
308 1710 371 1775 ’ἐν
405 1707 438 1776 δ’
462 1707 590 1789 αὐτάς
611 1710 786 1778 ἐδύσετο
802 1708 971 1796 νάροπα
992 1707 1148 1796 χαλκόν
1169 1737 1238 1778 κυ-

123 1811 271 1879 διόων·
294 1815 423 1878 πᾶσιν
440 1808 484 1876 δέ
507 1814 739 1895 μετέπρεπε
761 1809 981 1899 ἡρώεσσιν,
997 1808 1131 1880 οὕνεκ’
1147 1809 1237 1897 άρι-

123 1934 220 1993 στος
238 1917 328 1999 ἔην,
351 1911 456 1990 πολὺ
479 1912 523 1978 δὲ
545 1919 768 1994 πλείστους
790 1911 863 2000 άγε
885 1913 1035 1996 λαοάς.’
1056 1911 1156 2001 ἡγὰρ
1181 1921 1234 1984 αἰ-

121 2022 176 2084 τίιι
188 2022 250 2083 τοῦ
270 2016 469 2100 διαπρέπειν
484 2011 541 2081 διά
555 2021 618 2082 τοῦ
638 2016 712 2102 έξής
729 2014 938 2103 άποδίδοται,
961 2015 1079 2086 οὕνεκ’
1100 2016 1236 2104 άρισιος

123 2123 193 2204 ἔην,
217 2114 305 2186 πολι)
321 2118 358 2186 δὲ
389 2121 567 2197 πλείστους
587 2115 649 2204 άγε
671 2122 784 2200 λαούς.
830 2115 954 2207 ὁμοίως
980 2124 1017 2189 δὲ
1045 2121 1100 2189 καί
1124 2123 1234 2210 Ζηνό-

28 2243 31 2248 ·
124 2223 226 2299 δοτος
246 2216 384 2305 γράφει.
425 2223 466 2287 Α.

211 2323 295 2411 [665.
340 2318 377 2389 τό
399 2319 461 2407 μέν
479 2317 663 2408 Ὁμηρικόν
690 2328 770 2403 ἔθος
791 2330 843 2412 βῆ
865 2324 1045 2410 φεύγειν
1067 2331 1236 2412 προφέρε-

122 2451 187 2492 ται.
209 2421 284 2492 άλλ’
309 2420 368 2508 όγε
388 2421 598 2510 Ἀρίσταρχος
620 2422 661 2491 οὐ
685 2428 887 2511 μετέθηκεν,
917 2423 992 2495 ἀλλ’
1022 2425 1131 2508 οὕτως
1152 2428 1235 2513 γρά-
1304 2494 1310 2508 ,

123 2553 198 2615 νει,
221 2533 271 2615 βῆ
289 2522 483 2614 wrm-l

209 2636 281 2696 707.
305 2624 414 2708 οὕτως
433 2630 470 2695 αἰ
484 2625 703 2714 Ἀριστάρχου
728 2624 825 2714 ἅμα,
858 2626 900 2695 οὐ
936 2628 993 2696 διά
1016 2636 1077 2698 τοῦ
1101 2656 1121 2716 ρ
1147 2628 1235 2716 άρα.

208 2737 281 2799 733.
304 2727 414 2811 οὕτως
430 2727 514 2798 κατά
536 2727 675 2815 δοτικήν
695 2735 825 2797 πτῶσιν
846 2743 934 2810 τοῖς
956 2731 999 2798 δὲ
1013 2729 1235 2821 Ἀρίσταρχος,

124 2831 171 2915 οἱς
190 2833 374 2919 πρόκειται.
396 2836 451 2920 A.,
474 2836 517 2901 cf.
537 2838 610 2898 516.
981 2829 983 2833 ”

209 2945 281 3004 744.
321 2942 539 3025 Δημοκρίνης
573 2932 743 3024 ἀγνοήσας
776 2936 1069 3006 Αἰθιόπεσσιν
1099 2933 1236 3025 ’ἔγραφε

123 3046 243 3120 κακῶς.
265 3046 307 3108 Α.
330 3042 430 3127 Vulg.
455 3044 642 3107 Αἰθίκεσσι.

206 3150 278 3211 751.
301 3139 384 3230 ἔργ’
406 3143 624 3227 ἐνέμοντο·
652 3139 763 3219 Ἰακως
794 3139 829 3208 τό
859 3143 1038 3228 νέμοντο
1063 3140 1236 3229 Ἀρίσταρ-

123 3271 190 3330 χος.
234 3248 277 3314 A.
474 3262 475 3265 ’

207 3345 478 3442 769.οάτωςφέρ
488 3374 582 3416 τατο
592 3376 618 3432 ς,
632 3345 673 3415 οά
686 3350 898 3434 φέρτερος,
908 3353 944 3416 αί
954 3347 1182 3436 Ἀριστάρχου.
1192 3353 1233 3417 A.

207 3456 279 3518 798.
302 3447 410 3530 οὕτως
431 3454 468 3517 αἰ
480 3448 698 3537 Ἀριστάρχου
721 3446 806 3536 ήδη.
831 3455 885 3518 καὶ
908 3453 944 3519 έν
968 3466 1037 3532 τοίς
1052 3450 1137 3536 πρὸς
1154 3459 1233 3519 Κω-

120 3554 230 3640 μανόν
258 3549 381 3640 ὁμοίως
412 3555 632 3640 προφέρεται,
662 3554 716 3620 καί
744 3553 872 3640 μήποτε
900 3551 1136 3639 παραπλήσιόν
1163 3554 1233 3619 ἐστι

120 3654 157 3723 τό
199 3652 296 3742 ’ήδη
326 3657 393 3723 καί
421 3662 615 3744 Φρυγίην
651 3655 886 3741 εἰσήλυθον
916 3652 1231 3740 άμπελόεσσαν’

123 3764 170 3847 (Γ
192 3763 277 3846 εει).
301 3764 342 3825 A.

204 3864 277 3926 861.
303 3855 412 3938 οὕτως
436 3854 562 3943 προτὶ
592 3857 654 3949 [τό]
688 3854 807 3940 άστυ,
836 3852 878 3921 οὐ
904 3859 1000 3940 περὶ
1026 3853 1149 3943 άστυ,
1177 3861 1234 3924 ἵνα

118 3955 203 4029 άσιν
229 3960 405 4047 ἐρχόμενοι
428 3957 519 4046 ,πρός
547 3956 610 4046 τήν
633 3959 744 4027 πόλιν.
810 3955 934 4044 ὁμοίως
963 3963 1017 4026 καί
1044 3958 1234 4046 Ζηνόδοτος

118 4062 174 4130 καί
192 4059 437 4147 Ἀριστοφάνης
457 4061 661 4149 γράφουσιν.
687 4064 729 4127 A.

202 4170 276 4233 865.
312 4160 395 4232 άνευ
418 4170 480 4231 τοῦ
502 4191 514 4231 ι
548 4169 708 4249 Γυγαίη
730 4165 823 4230 τέκε
851 4168 978 4249 λίμνη
1001 4159 1022 4249 ή
1045 4162 1127 4231 κατά
1144 4159 1234 4249 Ἀρί-

116 4287 262 4354 σταρηον
286 4263 352 4351 εἰχε
377 4268 571 4349 διόρθωσις.
614 4269 649 4333 οἰ
675 4265 713 4333 δὲ
735 4266 811 4349 περὶ
837 4272 958 4349 Χαῖριν
979 4270 1033 4334 καί
1053 4265 1233 4353 Διόδωρον

116 4375 174 4435 καί
199 4393 289 4447 τινες
313 4374 382 4436 των
411 4365 495 4437 καθ’
527 4364 614 4456 ἡμᾶς
640 4368 863 4457 προστιθέασι
882 4369 921 4438 τό
943 4396 973 4457 ι,
1000 4364 1049 4437 ἵν’
1072 4360 1110 4459 ή
1131 4376 1231 4458 λίμνη
