2948 5024
243 410 334 503 οε
684 411 886 473 -ε-

326 579 411 656 [377.
435 577 625 661 ἔνειμεν·
646 571 756 657 οὕτως
778 579 815 644 αί
827 572 1047 662 Ἀριστάρχου
1069 578 1182 656 BLV.]

323 679 378 744 De
400 681 462 743 549
484 678 528 744 cf.
553 678 653 745 schol.
676 678 740 745 Od.
762 705 783 765 γ
804 681 878 746 489.

326 784 412 859 [560.
435 781 562 859 δυειιοῐς
583 775 622 846 τδ
646 774 839 861 ἐοιίιότες
857 776 1071 867 Ἀρίσταρχος
1090 783 1144 861 V..]

325 885 399 948 638.
427 884 551 950 Friedl.
579 910 612 974 p.
643 887 702 948 112
731 893 820 949 reete
847 884 1038 951 Aristarcho
1066 885 1199 968 tribuit,
1226 886 1357 955 dubim

240 987 383 1053 Duentz.
406 986 531 1054 Zenod.
553 1013 586 1077 p.
610 991 641 1074 3,
669 991 718 1053 13.

325 1092 399 1156 661.
418 1083 632 1175 Ἀρίσταρχος
652 1088 736 1176 μετά
758 1094 820 1157 τοῦ
839 1115 861 1156 ν
882 1087 1125 1176 βεβλήκειν.
1144 1091 1187 1155 A.

326 1196 398 1259 695.
423 1188 644 1275 Πελάγων·
666 1199 872 1279 Πτολεμαῖος
894 1187 912 1256 ὁ
934 1195 995 1258 τοῦ
1012 1185 1199 1276 Ὀροάνδον
1213 1189 1270 1258 διά
1289 1194 1354 1257 τοῦ
1430 1222 1435 1232 ·

239 1289 491 1378 σΣελάγων.
513 1293 555 1359 A.

324 1399 398 1461 700.
421 1389 530 1475 οὕτως
546 1389 757 1481 Ἀρίσταρχος
779 1391 952 1481 ἀμφότερα
973 1392 1030 1464 διά
1050 1400 1113 1463 τοῦ
1136 1419 1152 1460 ε
1172 1397 1356 1480 προτρέ-

239 1521 372 1567 ποντο
394 1497 450 1563 ιιαλ
470 1496 538 1563 ἐπὶ
559 1501 688 1583 νηιίν·
709 1499 797 1582 λέγει
820 1494 904 1582 γὰρο
922 1493 983 1565 άτε
994 1494 1234 1583 προτροπάδην
1248 1499 1353 1582 ἔφευ-

238 1627 303 1687 γον
324 1602 379 1669 dui
400 1595 460 1680 τάς
479 1603 573 1678 ναῦς.
596 1601 639 1665 Α.

325 1707 398 1770 703.
418 1697 630 1789 Ἀρίσταρχος
651 1699 707 1768 διὰ
728 1707 791 1768 τοῦ
811 1727 832 1769 α
850 1702 1116 1788 ἐξενάριξαν.
1137 1709 1178 1766 Α.
1305 1699 1313 1713 ’

325 1809 398 1870 746.
428 1798 637 1884 δΣιδαίνιος
655 1799 740 1871 άνευ
761 1809 824 1871 τοῦ
844 1833 856 1872 ι
878 1801 916 1871 τδ
936 1801 1136 1891 δάμνησι,
1167 1796 1186 1866 δ
1208 1799 1246 1869 δὲ
1266 1796 1355 1887 Ἀρί-

239 1923 382 1993 σταρχος
400 1906 467 1974 σύν
487 1911 535 1996 τῷ
556 1933 579 1973 ι.
602 1908 644 1972 A.

325 2014 398 2074 757.
425 2004 606 2094 καρτερά
634 2011 752 2094 ἔργα·
787 2001 897 2089 οὗτος
925 2005 1153 2094 Ἀρίσταρχος,
1186 2002 1283 2074 άλλοι
1316 2005 1354 2074 δὲ

240 2105 326 2197 ἔργ’
345 2104 507 2195 αἰΐδηλα.
530 2113 571 2177 A.

326 2215 399 2278 787.
419 2207 631 2299 Ἀρίσταρχος
650 2214 688 2280 δὲ
717 2210 807 2280 κάκ’
834 2214 1044 2299 ἐλεγχέες·
1074 2205 1112 2277 τὸ
1139 2209 1177 2279 δὲ
1199 2211 1274 2295 ἑξῆς
1299 2214 1354 2277 δι-

240 2318 318 2400 χαῖς,
339 2309 456 2393 εἶδος
476 2309 721 2400 ἄριστοικαὶ
744 2311 1035 2400 είδοςάγητοί.
1058 2315 1101 2379 A.
1178 2344 1180 2346 ’

327 2421 399 2483 797.
419 2411 632 2502 Ἀρίσταρχος
650 2422 831 2503 τείρετο,
854 2419 891 2483 αί
909 2417 947 2484 δὲ
969 2418 1080 2484 ιιοιναλ
1099 2419 1282 2503 τρίβετο.

324 2520 409 2598 [818.
428 2523 526 2585 σοῖν·
548 2516 760 2606 Ἀρίσταρχος
778 2523 866 2586 σίων
888 2517 1021 2605 γράφει.
1042 2519 1126 2598 LV.]

326 2623 399 2687 839.
422 2615 555 2708 ἄνδρα
576 2617 607 2688 τ’
632 2617 822 2708 άριστον·
845 2618 901 2688 διά
923 2625 986 2688 τοῦ
1011 2624 1056 2690 δέ
1073 2624 1110 2689 αί
1122 2615 1353 2706 Ἀριστάρχου,

240 2716 377 2807 ἄνδρα
396 2717 431 2788 δ’
455 2719 643 2810 άριστον.
665 2727 707 2791 A.

326 2825 399 2888 857.
422 2819 440 2889 δ
460 2823 497 2892 δὲ
516 2820 728 2912 Ἀρίσταρχος
750 2830 872 2913 μίτρη
895 2823 978 2893 ιιατά
999 2823 1148 2911 δοτικήν.
1172 2826 1211 2893 ίν
1232 2827 1271 2893 δέ
1285 2843 1352 2892 τισι

241 2928 310 2991 ταίν
331 2920 584 3012 ὑπομνημάτων
605 2923 679 2995 ὅθι
699 2930 973 2995 στελλίσιιετο
997 2933 1130 3016 μίτρη.
1154 2929 1196 2994 A.

328 3028 413 3106 [872.
436 3028 617 3114 ιιαρτερά
639 3032 754 3115 ἔργα·
778 3027 941 3116 γράφεται
957 3024 1036 3115 ἔργ’
1057 3025 1224 3114 άίδηλα,
1246 3026 1352 3096 ὅέστι

241 3127 438 3213 φθοροποιά
459 3129 541 3214 ΙΝ,
562 3131 606 3197 cs.
628 3138 660 3198 Ε
676 3138 762 3211 757]

325 3236 398 3300 874.
423 3227 532 3311 οὕτως
550 3226 763 3320 Ἀρίσταρχος
791 3234 872 3319 μετὰ
893 3237 954 3300 τοῦ
977 3234 1040 3318 δέ,
1069 3232 1195 3319 χάριν
1217 3227 1251 3300 δ’
1277 3231 1353 3300 άν-

241 3334 393 3418 δρεσσι.
417 3335 458 3399 A.
1044 3380 1046 3383 -
1365 3337 1367 3341 ’

326 3438 397 3501 881.
428 3437 464 3502 αλ
495 3431 714 3521 Ἀριστάρχου
746 3433 1031 3524 ὑπερφίαλον,
1063 3431 1126 3521 αάχ
1158 3432 1354 3522 δτίρθν-

240 3560 337 3622 μον,
360 3532 473 3625 ὥσπερ
496 3541 533 3605 αί
550 3536 726 3624 δημάδεις.
749 3541 791 3605 A.

326 3643 399 3706 900.
427 3634 613 3727 φάρμακ’
644 3642 851 3707 ἔπασσεν·
893 3637 1005 3721 Ἰανῶς
1033 3638 1227 3728 φάρμακα
1249 3639 1353 3709 τάσ-

240 3759 322 3808 σεν.
344 3745 385 3809 A.
543 3795 545 3801 s

327 3850 414 3925 [906.
448 3838 493 3924 ιδς
516 3840 789 3932 άλλοτρόσαλλος
811 3841 875 3932 ἥδη
905 3847 1076 3932 λέλησται,
1109 3837 1159 3914 σίν
1189 3848 1351 3914 πέπονθε.

240 3943 295 4013 διδ
317 3944 355 4014 τδ
383 3950 463 4027 ἔτος
479 3944 671 4034 Ζηνόδοτος
695 3943 821 4017 ἀθετεῖ.
849 3949 889 4014 Β.
912 3943 1125 4035 Ἀρίσταρχος
1145 3944 1264 4016 άθετεί
1281 3949 1352 4014 LV.

239 4048 419 4115 Duentzer.
439 4049 563 4117 Zenod.
585 4074 618 4138 p.
640 4054 670 4133 9,
692 4052 758 4128 34]

325 4258 366 4330 [4.
411 4248 578 4336 πρότερον
613 4253 796 4338 ἐγέγραπτο
841 4253 1024 4339 *μεσσηγὺς
1059 4264 1222 4339 ποταμοῖο
1259 4259 1354 4320 Σκα-

238 4348 393 4436 μάνδρου
422 4353 477 4419 nal
505 4358 753 4439 στομαλίμνης’,
775 4348 920 4439 ὕστερον
942 4355 978 4420 δὲ
998 4350 1208 4441 Ἀρίσταρχος
1226 4355 1354 4439 ταύτην
