<?xml version="1.0" encoding="UTF-8"?>
<!DOCTYPE html PUBLIC "-//W3C//DTD XHTML 1.0 Transitional//EN"
    "http://www.w3.org/TR/xhtml1/DTD/xhtml1-transitional.dtd">
<html xmlns="http://www.w3.org/1999/xhtml" xml:lang="en" lang="en">
 <head>
  <title>
</title>
<meta http-equiv="Content-Type" content="text/html;charset=utf-8" />
  <meta name='ocr-system' content='tesseract 3.04.00' />
  <meta name='ocr-capabilities' content='ocr_page ocr_carea ocr_par ocr_line ocrx_word'/>
</head>
<body>
  <div class='ocr_page' id='page_1' title='image "./didymichalcente00schmgoog_0055.png"; bbox 0 0 2964 5010; ppageno 0'>
   <div class='ocr_carea' id='block_1_1' title="bbox 248 426 288 489">
    <p class='ocr_par' dir='ltr' id='par_1_1' title="bbox 248 426 288 489">
     <span class='ocr_line' id='line_1_1' title="bbox 248 426 288 489; baseline -0.025 0"><span class='ocrx_word' id='word_1_1' title='bbox 248 426 288 489; x_wconf 83' lang='lat'><strong>38</strong></span> 
     </span>
    </p>
   </div>
   <div class='ocr_carea' id='block_1_2' title="bbox 247 585 1368 2409">
    <p class='ocr_par' dir='ltr' id='par_1_2' title="bbox 247 585 1368 2409">
     <span class='ocr_line' id='line_1_2' title="bbox 249 585 1368 676; baseline -0.004 -16"><span class='ocrx_word' id='word_1_2' title='bbox 249 604 286 660; x_wconf 89' lang='lat' dir='ltr'><strong>ut</strong></span> <span class='ocrx_word' id='word_1_3' title='bbox 315 591 403 658; x_wconf 84' lang='lat' dir='ltr'><strong>socci</strong></span> <span class='ocrx_word' id='word_1_4' title='bbox 431 588 647 676; x_wconf 89' lang='lat' dir='ltr'><strong>cothurnique</strong></span> <span class='ocrx_word' id='word_1_5' title='bbox 669 589 886 654; x_wconf 81' lang='lat' dir='ltr'><strong>elocutionem</strong></span> <span class='ocrx_word' id='word_1_6' title='bbox 907 585 1124 671; x_wconf 83' lang='lat' dir='ltr'><strong>illustrarent,</strong></span> <span class='ocrx_word' id='word_1_7' title='bbox 1154 589 1213 653; x_wconf 85' lang='lat' dir='ltr'><strong>sed</strong></span> <span class='ocrx_word' id='word_1_8' title='bbox 1231 589 1368 655; x_wconf 89' lang='lat' dir='ltr'><strong>iudicia·</strong></span> 
     </span>
     <span class='ocr_line' id='line_1_3' title="bbox 249 688 1367 779; baseline -0.004 -17"><span class='ocrx_word' id='word_1_9' title='bbox 249 696 329 776; x_wconf 88' lang='lat' dir='ltr'><strong>lem,</strong></span> <span class='ocrx_word' id='word_1_10' title='bbox 352 691 386 757; x_wconf 88' lang='lat' dir='ltr'>X</span> <span class='ocrx_word' id='word_1_11' title='bbox 409 692 567 777; x_wconf 85' lang='lat' dir='ltr'>imprimis</span> <span class='ocrx_word' id='word_1_12' title='bbox 588 714 670 779; x_wconf 90' lang='lat' dir='ltr'><strong>quos</strong></span> <span class='ocrx_word' id='word_1_13' title='bbox 690 691 846 757; x_wconf 79' lang='lat' dir='ltr'><strong>classicos</strong></span> <span class='ocrx_word' id='word_1_14' title='bbox 868 688 1028 755; x_wconf 80' lang='lat' dir='ltr'><strong>haberent</strong></span> <span class='ocrx_word' id='word_1_15' title='bbox 1049 699 1214 756; x_wconf 89' lang='lat' dir='ltr'><strong>oratorum</strong></span> <span class='ocrx_word' id='word_1_16' title='bbox 1235 713 1295 778; x_wconf 91' lang='lat' dir='ltr'><strong>pro</strong></span> <span class='ocrx_word' id='word_1_17' title='bbox 1319 692 1367 757; x_wconf 89' lang='lat' dir='ltr'><strong>iu·</strong></span> 
     </span>
     <span class='ocr_line' id='line_1_4' title="bbox 249 791 1366 878; baseline -0.004 -14"><span class='ocrx_word' id='word_1_18' title='bbox 249 798 361 864; x_wconf 85' lang='lat' dir='ltr'><strong>stituto</strong></span> <span class='ocrx_word' id='word_1_19' title='bbox 394 815 453 860; x_wconf 93' lang='lat' dir='ltr'><strong>suo</strong></span> <span class='ocrx_word' id='word_1_20' title='bbox 478 793 712 860; x_wconf 87' lang='lat' dir='ltr'><strong>vocabulorum</strong></span> <span class='ocrx_word' id='word_1_21' title='bbox 739 791 948 857; x_wconf 79' lang='lat' dir='ltr'><strong>collectiones</strong></span> <span class='ocrx_word' id='word_1_22' title='bbox 973 792 1111 878; x_wconf 88' lang='lat' dir='ltr'><strong>Didymi</strong></span> <span class='ocrx_word' id='word_1_23' title='bbox 1139 814 1205 858; x_wconf 93' lang='lat' dir='ltr'><strong>non</strong></span> <span class='ocrx_word' id='word_1_24' title='bbox 1234 794 1280 858; x_wconf 89' lang='lat' dir='ltr'><strong>ita</strong></span> <span class='ocrx_word' id='word_1_25' title='bbox 1302 794 1366 860; x_wconf 82' lang='lat' dir='ltr'><strong>fre·</strong></span> 
     </span>
     <span class='ocr_line' id='line_1_5' title="bbox 249 892 1366 989; baseline -0.003 -24"><span class='ocrx_word' id='word_1_26' title='bbox 249 908 387 989; x_wconf 83' lang='lat' dir='ltr'><strong>quanter</strong></span> <span class='ocrx_word' id='word_1_27' title='bbox 407 895 568 979; x_wconf 88' lang='lat' dir='ltr'><strong>adierunt,</strong></span> <span class='ocrx_word' id='word_1_28' title='bbox 590 895 841 980; x_wconf 81' lang='lat' dir='ltr'><strong>diligentissime</strong></span> <span class='ocrx_word' id='word_1_29' title='bbox 862 915 951 976; x_wconf 87' lang='lat' dir='ltr'><strong>vero,</strong></span> <span class='ocrx_word' id='word_1_30' title='bbox 974 895 1022 958; x_wconf 91' lang='lat' dir='ltr'><strong>uti</strong></span> <span class='ocrx_word' id='word_1_31' title='bbox 1039 892 1185 979; x_wconf 82' lang='lat' dir='ltr'><strong>perluit,</strong></span> <span class='ocrx_word' id='word_1_32' title='bbox 1204 894 1366 980; x_wconf 72' lang='grc' dir='ltr'><strong><em>ῥητορικὰ</em></strong></span> 
     </span>
     <span class='ocr_line' id='line_1_6' title="bbox 249 993 1364 1084; baseline -0.001 -17"><span class='ocrx_word' id='word_1_33' title='bbox 249 1007 291 1068; x_wconf 92' lang='grc' dir='ltr'><strong>Δ.</strong></span> <span class='ocrx_word' id='word_1_34' title='bbox 309 993 534 1083; x_wconf 72' lang='grc' dir='ltr'><strong><em>ὑπομνήματα</em></strong></span> <span class='ocrx_word' id='word_1_35' title='bbox 550 1004 783 1079; x_wconf 84' lang='lat' dir='ltr'><strong>excusserunt,</strong></span> <span class='ocrx_word' id='word_1_36' title='bbox 805 1004 903 1084; x_wconf 89' lang='lat' dir='ltr'><strong>atque</strong></span> <span class='ocrx_word' id='word_1_37' title='bbox 927 997 1043 1080; x_wconf 87' lang='lat' dir='ltr'><strong>etiam,</strong></span> <span class='ocrx_word' id='word_1_38' title='bbox 1066 998 1100 1060; x_wconf 91' lang='lat' dir='ltr'><strong>ni</strong></span> <span class='ocrx_word' id='word_1_39' title='bbox 1122 996 1236 1080; x_wconf 87' lang='lat' dir='ltr'><strong>fallor,</strong></span> <span class='ocrx_word' id='word_1_40' title='bbox 1258 1000 1364 1066; x_wconf 89' lang='lat' dir='ltr'><strong>sicubi</strong></span> 
     </span>
     <span class='ocr_line' id='line_1_7' title="bbox 249 1097 1365 1185; baseline -0.002 -19"><span class='ocrx_word' id='word_1_41' title='bbox 249 1102 388 1168; x_wconf 84' lang='lat' dir='ltr'><strong>verbum</strong></span> <span class='ocrx_word' id='word_1_42' title='bbox 409 1097 544 1185; x_wconf 87' lang='lat' dir='ltr'><strong>aliquod</strong></span> <span class='ocrx_word' id='word_1_43' title='bbox 565 1119 683 1162; x_wconf 87' lang='lat' dir='ltr'><strong>scenae</strong></span> <span class='ocrx_word' id='word_1_44' title='bbox 705 1120 780 1162; x_wconf 88' lang='lat' dir='ltr'><strong>cum</strong></span> <span class='ocrx_word' id='word_1_45' title='bbox 798 1099 912 1162; x_wconf 89' lang='lat' dir='ltr'><strong>rostris</strong></span> <span class='ocrx_word' id='word_1_46' title='bbox 935 1121 1105 1164; x_wconf 88' lang='lat' dir='ltr'><strong>commune</strong></span> <span class='ocrx_word' id='word_1_47' title='bbox 1129 1101 1232 1163; x_wconf 80' lang='lat' dir='ltr'><strong>nostri</strong></span> <span class='ocrx_word' id='word_1_48' title='bbox 1252 1099 1365 1165; x_wconf 87' lang='lat' dir='ltr'><strong>verbis</strong></span> 
     </span>
     <span class='ocr_line' id='line_1_8' title="bbox 248 1199 1363 1290; baseline -0.002 -21"><span class='ocrx_word' id='word_1_49' title='bbox 248 1202 409 1290; x_wconf 87' lang='lat' dir='ltr'><strong>adpositis</strong></span> <span class='ocrx_word' id='word_1_50' title='bbox 440 1201 711 1286; x_wconf 84' lang='lat' dir='ltr'><strong>interpretantur,</strong></span> <span class='ocrx_word' id='word_1_51' title='bbox 743 1199 922 1288; x_wconf 89' lang='lat' dir='ltr'><strong>Didymum</strong></span> <span class='ocrx_word' id='word_1_52' title='bbox 945 1201 1091 1289; x_wconf 90' lang='lat' dir='ltr'><strong>Didymo</strong></span> <span class='ocrx_word' id='word_1_53' title='bbox 1110 1210 1194 1267; x_wconf 88' lang='lat' dir='ltr'><strong>teste</strong></span> <span class='ocrx_word' id='word_1_54' title='bbox 1216 1200 1363 1267; x_wconf 88' lang='lat' dir='ltr'><strong>laudant.</strong></span> 
     </span>
     <span class='ocr_line' id='line_1_9' title="bbox 249 1301 1366 1390; baseline -0.003 -20"><span class='ocrx_word' id='word_1_55' title='bbox 249 1306 343 1387; x_wconf 76' lang='lat' dir='ltr'><strong>Quae</strong></span> <span class='ocrx_word' id='word_1_56' title='bbox 366 1323 440 1367; x_wconf 89' lang='lat' dir='ltr'><strong>cum</strong></span> <span class='ocrx_word' id='word_1_57' title='bbox 461 1303 508 1365; x_wconf 88' lang='lat' dir='ltr'><strong>ita</strong></span> <span class='ocrx_word' id='word_1_58' title='bbox 526 1302 607 1383; x_wconf 90' lang='lat' dir='ltr'><strong>sint,</strong></span> <span class='ocrx_word' id='word_1_59' title='bbox 629 1301 794 1367; x_wconf 90' lang='lat' dir='ltr'><strong>suboritur</strong></span> <span class='ocrx_word' id='word_1_60' title='bbox 815 1304 976 1388; x_wconf 86' lang='lat' dir='ltr'><strong>suspicio,</strong></span> <span class='ocrx_word' id='word_1_61' title='bbox 1011 1325 1050 1367; x_wconf 90' lang='lat' dir='ltr'><strong>ea</strong></span> <span class='ocrx_word' id='word_1_62' title='bbox 1070 1302 1247 1386; x_wconf 84' lang='lat' dir='ltr'><strong>vocabula,</strong></span> <span class='ocrx_word' id='word_1_63' title='bbox 1281 1324 1366 1390; x_wconf 91' lang='lat' dir='ltr'><strong>quae</strong></span> 
     </span>
     <span class='ocr_line' id='line_1_10' title="bbox 248 1403 1365 1494; baseline -0.005 -21"><span class='ocrx_word' id='word_1_64' title='bbox 248 1405 387 1494; x_wconf 85' lang='lat' dir='ltr'><strong>Didymi</strong></span> <span class='ocrx_word' id='word_1_65' title='bbox 415 1404 602 1468; x_wconf 90' lang='lat' dir='ltr'><strong>testimonio</strong></span> <span class='ocrx_word' id='word_1_66' title='bbox 630 1407 755 1470; x_wconf 89' lang='lat' dir='ltr'><strong>munita</strong></span> <span class='ocrx_word' id='word_1_67' title='bbox 783 1404 870 1492; x_wconf 92' lang='lat' dir='ltr'><strong>apud</strong></span> <span class='ocrx_word' id='word_1_68' title='bbox 895 1403 1048 1469; x_wconf 84' lang='lat' dir='ltr'><strong>Photium</strong></span> <span class='ocrx_word' id='word_1_69' title='bbox 1080 1416 1112 1471; x_wconf 88' lang='lat' dir='ltr'><strong>et</strong></span> <span class='ocrx_word' id='word_1_70' title='bbox 1134 1405 1365 1492; x_wconf 86' lang='lat' dir='ltr'><strong>Harpocratio-</strong></span> 
     </span>
     <span class='ocr_line' id='line_1_11' title="bbox 248 1502 1366 1591; baseline -0.002 -17"><span class='ocrx_word' id='word_1_71' title='bbox 248 1530 324 1574; x_wconf 90' lang='lat' dir='ltr'><strong>nem</strong></span> <span class='ocrx_word' id='word_1_72' title='bbox 346 1513 491 1587; x_wconf 83' lang='lat' dir='ltr'><strong>exstant,</strong></span> <span class='ocrx_word' id='word_1_73' title='bbox 523 1502 699 1591; x_wconf 86' lang='lat' dir='ltr'><strong>verbisque</strong></span> <span class='ocrx_word' id='word_1_74' title='bbox 731 1515 788 1571; x_wconf 88' lang='lat' dir='ltr'><strong>aut</strong></span> <span class='ocrx_word' id='word_1_75' title='bbox 819 1507 955 1571; x_wconf 89' lang='lat' dir='ltr'><strong>totidem</strong></span> <span class='ocrx_word' id='word_1_76' title='bbox 987 1517 1044 1572; x_wconf 84' lang='lat' dir='ltr'><strong>aut</strong></span> <span class='ocrx_word' id='word_1_77' title='bbox 1069 1510 1104 1571; x_wconf 91' lang='lat' dir='ltr'><strong>in</strong></span> <span class='ocrx_word' id='word_1_78' title='bbox 1133 1507 1268 1573; x_wconf 88' lang='lat' dir='ltr'><strong>brevius</strong></span> <span class='ocrx_word' id='word_1_79' title='bbox 1291 1528 1366 1572; x_wconf 93' lang='lat' dir='ltr'><strong>con·</strong></span> 
     </span>
     <span class='ocr_line' id='line_1_12' title="bbox 248 1604 1365 1696; baseline -0.004 -18"><span class='ocrx_word' id='word_1_80' title='bbox 248 1613 361 1678; x_wconf 87' lang='lat' dir='ltr'><strong>tractis</strong></span> <span class='ocrx_word' id='word_1_81' title='bbox 389 1604 729 1672; x_wconf 86' lang='lat' dir='ltr'><strong>animadversionibus</strong></span> <span class='ocrx_word' id='word_1_82' title='bbox 765 1606 928 1672; x_wconf 88' lang='lat' dir='ltr'><strong>illustrata</strong></span> <span class='ocrx_word' id='word_1_83' title='bbox 961 1610 1048 1696; x_wconf 90' lang='lat' dir='ltr'><strong>apud</strong></span> <span class='ocrx_word' id='word_1_84' title='bbox 1074 1610 1154 1675; x_wconf 87' lang='lat' dir='ltr'><strong>Hes.</strong></span> <span class='ocrx_word' id='word_1_85' title='bbox 1183 1619 1365 1694; x_wconf 83' lang='lat' dir='ltr'><strong>recurnmt,</strong></span> 
     </span>
     <span class='ocr_line' id='line_1_13' title="bbox 249 1708 1365 1799; baseline -0.001 -21"><span class='ocrx_word' id='word_1_86' title='bbox 249 1714 291 1778; x_wconf 90' lang='lat' dir='ltr'><strong>de</strong></span> <span class='ocrx_word' id='word_1_87' title='bbox 313 1732 413 1782; x_wconf 87' lang='lat' dir='ltr'><strong>scena</strong></span> <span class='ocrx_word' id='word_1_88' title='bbox 434 1709 599 1797; x_wconf 86' lang='lat' dir='ltr'><strong>quondam</strong></span> <span class='ocrx_word' id='word_1_89' title='bbox 621 1708 758 1772; x_wconf 88' lang='lat' dir='ltr'><strong>recitata</strong></span> <span class='ocrx_word' id='word_1_90' title='bbox 780 1729 862 1791; x_wconf 86' lang='lat' dir='ltr'><strong>esse,</strong></span> <span class='ocrx_word' id='word_1_91' title='bbox 881 1718 1023 1798; x_wconf 87' lang='lat' dir='ltr'><strong>quotque</strong></span> <span class='ocrx_word' id='word_1_92' title='bbox 1047 1733 1177 1777; x_wconf 84' lang='lat' dir='ltr'><strong>soccum</strong></span> <span class='ocrx_word' id='word_1_93' title='bbox 1197 1714 1327 1799; x_wconf 89' lang='lat' dir='ltr'><strong>sapiunt</strong></span> <span class='ocrx_word' id='word_1_94' title='bbox 1347 1735 1365 1777; x_wconf 90' lang='lat' dir='ltr'><strong>e</strong></span> 
     </span>
     <span class='ocr_line' id='line_1_14' title="bbox 247 1809 1366 1901; baseline 0.001 -22"><span class='ocrx_word' id='word_1_95' title='bbox 247 1813 387 1901; x_wconf 88' lang='lat' dir='ltr'><strong>Didymi</strong></span> <span class='ocrx_word' id='word_1_96' title='bbox 409 1811 517 1877; x_wconf 88' lang='lat' dir='ltr'><strong>lexico</strong></span> <span class='ocrx_word' id='word_1_97' title='bbox 539 1810 681 1892; x_wconf 89' lang='lat' dir='ltr'><strong>comico,</strong></span> <span class='ocrx_word' id='word_1_98' title='bbox 718 1816 797 1896; x_wconf 92' lang='lat' dir='ltr'><strong>quot</strong></span> <span class='ocrx_word' id='word_1_99' title='bbox 814 1809 1023 1894; x_wconf 88' lang='lat' dir='ltr'><strong>cothurnum,</strong></span> <span class='ocrx_word' id='word_1_100' title='bbox 1053 1835 1071 1875; x_wconf 92' lang='lat' dir='ltr'><strong>e</strong></span> <span class='ocrx_word' id='word_1_101' title='bbox 1093 1815 1219 1899; x_wconf 86' lang='lat' dir='ltr'><strong>tragico</strong></span> <span class='ocrx_word' id='word_1_102' title='bbox 1241 1814 1285 1879; x_wconf 90' lang='lat' dir='ltr'><strong>ad</strong></span> <span class='ocrx_word' id='word_1_103' title='bbox 1305 1836 1366 1880; x_wconf 92' lang='lat' dir='ltr'><strong>nos</strong></span> 
     </span>
     <span class='ocr_line' id='line_1_15' title="bbox 248 1910 1365 2009; baseline 0 -29"><span class='ocrx_word' id='word_1_104' title='bbox 248 1923 431 2003; x_wconf 87' lang='lat' dir='ltr'><strong>pervagata</strong></span> <span class='ocrx_word' id='word_1_105' title='bbox 452 1933 534 1978; x_wconf 89' lang='lat' dir='ltr'><strong>esse.</strong></span> <span class='ocrx_word' id='word_1_106' title='bbox 580 1911 688 1977; x_wconf 89' lang='lat' dir='ltr'><strong>Aliter</strong></span> <span class='ocrx_word' id='word_1_107' title='bbox 710 1910 856 1975; x_wconf 86' lang='lat' dir='ltr'><strong>decernit</strong></span> <span class='ocrx_word' id='word_1_108' title='bbox 872 1911 979 1976; x_wconf 90' lang='lat' dir='ltr'><strong>Meier</strong></span> <span class='ocrx_word' id='word_1_109' title='bbox 1000 1935 1116 1978; x_wconf 90' lang='lat' dir='ltr'><strong>comm.</strong></span> <span class='ocrx_word' id='word_1_110' title='bbox 1140 1916 1265 1980; x_wconf 86' lang='lat' dir='ltr'><strong>Andoc.</strong></span> <span class='ocrx_word' id='word_1_111' title='bbox 1288 1916 1365 2009; x_wconf 74' lang='lat' dir='ltr'><strong>vn,</strong></span> 
     </span>
     <span class='ocr_line' id='line_1_16' title="bbox 247 2011 1366 2105; baseline 0 -23"><span class='ocrx_word' id='word_1_112' title='bbox 247 2025 332 2105; x_wconf 89' lang='lat' dir='ltr'><strong>part.</strong></span> <span class='ocrx_word' id='word_1_113' title='bbox 356 2031 423 2080; x_wconf 82' lang='lat' dir='ltr'>x111</span> <span class='ocrx_word' id='word_1_114' title='bbox 443 2037 476 2101; x_wconf 92' lang='lat' dir='ltr'><strong>p.</strong></span> <span class='ocrx_word' id='word_1_115' title='bbox 496 2016 537 2079; x_wconf 81' lang='grc'><strong>611</strong></span> <span class='ocrx_word' id='word_1_116' title='bbox 544 2062 554 2097; x_wconf 92' lang='grc'><strong>,</strong></span> <span class='ocrx_word' id='word_1_117' title='bbox 575 2015 629 2078; x_wconf 89' lang='lat' dir='ltr'><strong>cui</strong></span> <span class='ocrx_word' id='word_1_118' title='bbox 651 2014 686 2077; x_wconf 92' lang='lat' dir='ltr'><strong>in</strong></span> <span class='ocrx_word' id='word_1_119' title='bbox 708 2014 832 2077; x_wconf 90' lang='lat' dir='ltr'><strong>comico</strong></span> <span class='ocrx_word' id='word_1_120' title='bbox 850 2011 959 2078; x_wconf 80' lang='lat' dir='ltr'><strong>lexico</strong></span> <span class='ocrx_word' id='word_1_121' title='bbox 981 2015 1217 2101; x_wconf 86' lang='lat' dir='ltr'><strong>explicationes</strong></span> <span class='ocrx_word' id='word_1_122' title='bbox 1239 2028 1366 2083; x_wconf 88' lang='lat' dir='ltr'><strong>tantum</strong></span> 
     </span>
     <span class='ocr_line' id='line_1_17' title="bbox 248 2111 1365 2206; baseline 0.001 -22"><span class='ocrx_word' id='word_1_123' title='bbox 248 2141 367 2185; x_wconf 87' lang='lat' dir='ltr'><strong>vocum</strong></span> <span class='ocrx_word' id='word_1_124' title='bbox 387 2119 490 2200; x_wconf 78' lang='grc' dir='ltr'><strong><em>θῆτες</em></strong></span> <span class='ocrx_word' id='word_1_125' title='bbox 511 2123 543 2179; x_wconf 87' lang='lat' dir='ltr'><strong>et</strong></span> <span class='ocrx_word' id='word_1_126' title='bbox 565 2111 658 2191; x_wconf 81' lang='grc' dir='ltr'><strong><em>ὅσιος</em></strong></span> <span class='ocrx_word' id='word_1_127' title='bbox 680 2114 846 2179; x_wconf 83' lang='lat' dir='ltr'><strong>exstitisse</strong></span> <span class='ocrx_word' id='word_1_128' title='bbox 863 2115 1027 2182; x_wconf 88' lang='lat' dir='ltr'><strong>videntur.</strong></span> <span class='ocrx_word' id='word_1_129' title='bbox 1045 2119 1218 2205; x_wconf 88' lang='lat' dir='ltr'><strong>-ltaque</strong></span> <span class='ocrx_word' id='word_1_130' title='bbox 1235 2124 1365 2206; x_wconf 70' lang='grc' dir='ltr'><strong><em>κωμικῇ</em></strong></span> 
     </span>
     <span class='ocr_line' id='line_1_18' title="bbox 250 2215 1365 2305; baseline 0 -18"><span class='ocrx_word' id='word_1_131' title='bbox 250 2221 335 2300; x_wconf 67' lang='grc' dir='ltr'><strong><em>λέξει</em></strong></span> <span class='ocrx_word' id='word_1_132' title='bbox 361 2220 442 2284; x_wconf 85' lang='lat' dir='ltr'><strong>haee</strong></span> <span class='ocrx_word' id='word_1_133' title='bbox 470 2220 540 2283; x_wconf 89' lang='lat' dir='ltr'><strong>iure</strong></span> <span class='ocrx_word' id='word_1_134' title='bbox 564 2216 643 2280; x_wconf 88' lang='lat' dir='ltr'><strong>mihi</strong></span> <span class='ocrx_word' id='word_1_135' title='bbox 670 2215 841 2280; x_wconf 86' lang='lat' dir='ltr'><strong>vindicare</strong></span> <span class='ocrx_word' id='word_1_136' title='bbox 868 2216 999 2301; x_wconf 85' lang='lat' dir='ltr'><strong>videor,</strong></span> <span class='ocrx_word' id='word_1_137' title='bbox 1033 2218 1152 2305; x_wconf 90' lang='lat' dir='ltr'><strong>quibus</strong></span> <span class='ocrx_word' id='word_1_138' title='bbox 1182 2218 1365 2286; x_wconf 86' lang='lat' dir='ltr'><strong>Rankianis</strong></span> 
     </span>
     <span class='ocr_line' id='line_1_19' title="bbox 248 2317 895 2409; baseline -0.012 -19"><span class='ocrx_word' id='word_1_139' title='bbox 248 2323 352 2409; x_wconf 89' lang='lat' dir='ltr'><strong>copiis</strong></span> <span class='ocrx_word' id='word_1_140' title='bbox 373 2344 405 2409; x_wconf 88' lang='lat' dir='ltr'><strong>p.</strong></span> <span class='ocrx_word' id='word_1_141' title='bbox 429 2323 486 2384; x_wconf 90' lang='grc'><strong>134</strong></span> <span class='ocrx_word' id='word_1_142' title='bbox 507 2341 556 2407; x_wconf 89' lang='lat' dir='ltr'><strong>sq.</strong></span> <span class='ocrx_word' id='word_1_143' title='bbox 580 2317 728 2382; x_wconf 89' lang='lat' dir='ltr'><strong>cumulus</strong></span> <span class='ocrx_word' id='word_1_144' title='bbox 751 2317 895 2383; x_wconf 85' lang='lat' dir='ltr'><strong>accedet.</strong></span> 
     </span>
    </p>
   </div>
   <div class='ocr_carea' id='block_1_3' title="bbox 781 2490 829 2550">
    <p class='ocr_par' dir='ltr' id='par_1_3' title="bbox 781 2490 829 2550">
     <span class='ocr_line' id='line_1_20' title="bbox 781 2490 829 2550; baseline 0.021 -1"><span class='ocrx_word' id='word_1_145' title='bbox 781 2490 829 2550; x_wconf 93' lang='grc'><strong>14.</strong></span> 
     </span>
    </p>
   </div>
   <div class='ocr_carea' id='block_1_4' title="bbox 248 2621 1453 3127">
    <p class='ocr_par' dir='ltr' id='par_1_4' title="bbox 248 2621 1453 3127">
     <span class='ocr_line' id='line_1_21' title="bbox 334 2621 1365 2713; baseline 0.001 -21"><span class='ocrx_word' id='word_1_146' title='bbox 334 2625 428 2693; x_wconf 90' lang='lat' dir='ltr'><strong>Phot.</strong></span> <span class='ocrx_word' id='word_1_147' title='bbox 449 2627 520 2708; x_wconf 97' lang='grc'><strong>321,</strong></span> <span class='ocrx_word' id='word_1_148' title='bbox 541 2627 581 2688; x_wconf 89' lang='grc'><strong>23</strong></span> <span class='ocrx_word' id='word_1_149' title='bbox 605 2621 819 2688; x_wconf 79' lang='grc' dir='ltr'><strong><em>οἰνόπται·</em></strong></span> <span class='ocrx_word' id='word_1_150' title='bbox 843 2622 1031 2706; x_wconf 63' lang='lat' dir='ltr'><strong>daupeinai</strong></span> <span class='ocrx_word' id='word_1_151' title='bbox 1049 2628 1113 2690; x_wconf 81' lang='grc' dir='ltr'><strong>τοῦ</strong></span> <span class='ocrx_word' id='word_1_152' title='bbox 1135 2625 1215 2704; x_wconf 80' lang='grc' dir='ltr'><strong>τούς</strong></span> <span class='ocrx_word' id='word_1_153' title='bbox 1235 2624 1365 2713; x_wconf 81' lang='grc' dir='ltr'><strong><em>φράτο-</em></strong></span> 
     </span>
     <span class='ocr_line' id='line_1_22' title="bbox 248 2717 1364 2814; baseline 0.002 -20"><span class='ocrx_word' id='word_1_154' title='bbox 248 2754 309 2814; x_wconf 89' lang='grc' dir='ltr'><strong>ρας</strong></span> <span class='ocrx_word' id='word_1_155' title='bbox 330 2722 419 2812; x_wconf 79' lang='grc' dir='ltr'><strong><em>ἡθύν</em></strong></span> <span class='ocrx_word' id='word_1_156' title='bbox 441 2720 537 2792; x_wconf 79' lang='grc' dir='ltr'><strong><em>οἶνον</em></strong></span> <span class='ocrx_word' id='word_1_157' title='bbox 559 2727 658 2809; x_wconf 80' lang='grc' dir='ltr'><strong><em>ἔχειν.</em></strong></span> <span class='ocrx_word' id='word_1_158' title='bbox 680 2726 867 2810; x_wconf 77' lang='grc' dir='ltr'><strong><em>Δίδυμος</em></strong></span> <span class='ocrx_word' id='word_1_159' title='bbox 889 2717 997 2803; x_wconf 79' lang='grc' dir='ltr'><strong><em>οὕτως</em></strong></span> <span class='ocrx_word' id='word_1_160' title='bbox 1018 2717 1244 2793; x_wconf 61' lang='grc' dir='ltr'><strong><em>ἀναδίδωσιν·</em></strong></span> <span class='ocrx_word' id='word_1_161' title='bbox 1268 2725 1364 2796; x_wconf 78' lang='grc' dir='ltr'><em>εὖτε-</em></span> 
     </span>
     <span class='ocr_line' id='line_1_23' title="bbox 248 2822 1364 2915; baseline -0.001 -17"><span class='ocrx_word' id='word_1_162' title='bbox 248 2827 309 2915; x_wconf 78' lang='grc' dir='ltr'><strong>λὴς</strong></span> <span class='ocrx_word' id='word_1_163' title='bbox 335 2824 420 2914; x_wconf 76' lang='grc' dir='ltr'><strong><em>ἀρχή</em></strong></span> <span class='ocrx_word' id='word_1_164' title='bbox 445 2852 495 2904; x_wconf 82' lang='grc' dir='ltr'><strong>τις</strong></span> <span class='ocrx_word' id='word_1_165' title='bbox 521 2822 705 2913; x_wconf 74' lang='grc' dir='ltr'><strong><em>Ἀθήνησιν</em></strong></span> <span class='ocrx_word' id='word_1_166' title='bbox 731 2829 817 2915; x_wconf 85' lang='grc'><strong>(321,</strong></span> <span class='ocrx_word' id='word_1_167' title='bbox 842 2830 896 2915; x_wconf 84' lang='grc'><strong>211)</strong></span> <span class='ocrx_word' id='word_1_168' title='bbox 926 2828 1117 2912; x_wconf 72' lang='grc' dir='ltr'><strong><em>παρέχουσα</em></strong></span> <span class='ocrx_word' id='word_1_169' title='bbox 1140 2827 1286 2914; x_wconf 79' lang='grc' dir='ltr'><strong><em>λύχνους</em></strong></span> <span class='ocrx_word' id='word_1_170' title='bbox 1308 2831 1364 2897; x_wconf 71' lang='grc' dir='ltr'><strong>καὶ</strong></span> 
     </span>
     <span class='ocr_line' id='line_1_24' title="bbox 248 2928 1361 3021; baseline 0.002 -23"><span class='ocrx_word' id='word_1_171' title='bbox 248 2933 456 3017; x_wconf 73' lang='grc' dir='ltr'><strong><em>θρυαλλίδας</em></strong></span> <span class='ocrx_word' id='word_1_172' title='bbox 477 2929 515 2994; x_wconf 76' lang='grc' dir='ltr'><strong><em>ἐν</em></strong></span> <span class='ocrx_word' id='word_1_173' title='bbox 536 2928 665 3011; x_wconf 75' lang='grc' dir='ltr'><strong><em>ἑορταῖς</em></strong></span> <span class='ocrx_word' id='word_1_174' title='bbox 684 2947 782 2995; x_wconf 89' lang='grc' dir='ltr'><strong><em>τισιν.</em></strong></span> <span class='ocrx_word' id='word_1_175' title='bbox 814 2931 866 2996; x_wconf 75' lang='lat' dir='ltr'><strong>Of.</strong></span> <span class='ocrx_word' id='word_1_176' title='bbox 890 2931 973 2996; x_wconf 92' lang='lat' dir='ltr'><strong>Poll.</strong></span> <span class='ocrx_word' id='word_1_177' title='bbox 996 2933 1045 2996; x_wconf 90' lang='lat' dir='ltr'><strong>VI</strong></span> <span class='ocrx_word' id='word_1_178' title='bbox 1059 2932 1099 2995; x_wconf 90' lang='grc'><strong>22</strong></span> <span class='ocrx_word' id='word_1_179' title='bbox 1120 2957 1153 3021; x_wconf 89' lang='lat' dir='ltr'><strong>p.</strong></span> <span class='ocrx_word' id='word_1_180' title='bbox 1168 2934 1229 2996; x_wconf 91' lang='grc'><strong>233</strong></span> <span class='ocrx_word' id='word_1_181' title='bbox 1252 2933 1361 3000; x_wconf 86' lang='lat' dir='ltr'><strong>Bekk.</strong></span> 
     </span>
     <span class='ocr_line' id='line_1_25' title="bbox 248 3025 1453 3127; baseline 0.002 -28"><span class='ocrx_word' id='word_1_182' title='bbox 248 3035 328 3099; x_wconf 89' lang='lat' dir='ltr'><strong>Hes.</strong></span> <span class='ocrx_word' id='word_1_183' title='bbox 356 3034 393 3098; x_wconf 90' lang='lat' dir='ltr'><strong>II</strong></span> <span class='ocrx_word' id='word_1_184' title='bbox 421 3036 482 3097; x_wconf 89' lang='grc'><strong>730</strong></span> <span class='ocrx_word' id='word_1_185' title='bbox 515 3027 711 3096; x_wconf 75' lang='grc' dir='ltr'><strong><em>οἰνόπται</em></strong></span> <span class='ocrx_word' id='word_1_186' title='bbox 742 3025 774 3095; x_wconf 83' lang='grc' dir='ltr'><strong>ἆ.</strong></span> <span class='ocrx_word' id='word_1_187' title='bbox 805 3026 854 3097; x_wconf 82' lang='grc' dir='ltr'><strong>εὐ.</strong></span> <span class='ocrx_word' id='word_1_188' title='bbox 883 3028 965 3098; x_wconf 83' lang='grc' dir='ltr'><strong><em>καθ’</em></strong></span> <span class='ocrx_word' id='word_1_189' title='bbox 991 3028 1034 3118; x_wconf 76' lang='grc' dir='ltr'><strong><em>ἢν</em></strong></span> <span class='ocrx_word' id='word_1_190' title='bbox 1064 3034 1100 3122; x_wconf 77' lang='lat' dir='ltr'><strong>(l.</strong></span> <span class='ocrx_word' id='word_1_191' title='bbox 1127 3029 1362 3120; x_wconf 78' lang='grc' dir='ltr'><strong><em>Ἀθήνησιν)’)</em></strong></span> <span class='ocrx_word' id='word_1_192' title='bbox 1452 3124 1453 3127; x_wconf 8' lang='lat'>¹</span> 
     </span>
    </p>
   </div>
   <div class='ocr_carea' id='block_1_5' title="bbox 243 3248 1362 4456">
    <p class='ocr_par' dir='ltr' id='par_1_5' title="bbox 243 3248 1362 4456">
     <span class='ocr_line' id='line_1_26' title="bbox 318 3248 1362 3328; baseline 0.004 -18"><span class='ocrx_word' id='word_1_193' title='bbox 318 3258 344 3324; x_wconf 95' lang='lat' dir='ltr'><strong>l)</strong></span> <span class='ocrx_word' id='word_1_194' title='bbox 363 3260 445 3309; x_wconf 86' lang='lat' dir='ltr'><strong>Voce.</strong></span> <span class='ocrx_word' id='word_1_195' title='bbox 463 3248 579 3322; x_wconf 75' lang='grc' dir='ltr'><strong><em>Ἀθῆναι</em></strong></span> <span class='ocrx_word' id='word_1_196' title='bbox 600 3263 628 3309; x_wconf 89' lang='lat' dir='ltr'><strong>et</strong></span> <span class='ocrx_word' id='word_1_197' title='bbox 637 3248 745 3323; x_wconf 79' lang='grc' dir='ltr'><strong><em>Ἀθηνᾶ</em></strong></span> <span class='ocrx_word' id='word_1_198' title='bbox 762 3258 933 3310; x_wconf 82' lang='lat' dir='ltr'><strong>librariorum</strong></span> <span class='ocrx_word' id='word_1_199' title='bbox 953 3262 1078 3312; x_wconf 84' lang='lat' dir='ltr'><strong>socordia</strong></span> <span class='ocrx_word' id='word_1_200' title='bbox 1094 3262 1253 3328; x_wconf 83' lang='lat' dir='ltr'><strong>saepissime</strong></span> <span class='ocrx_word' id='word_1_201' title='bbox 1273 3279 1362 3315; x_wconf 87' lang='lat' dir='ltr'><strong>eorru-</strong></span> 
     </span>
     <span class='ocr_line' id='line_1_27' title="bbox 247 3340 1362 3415; baseline 0.003 -18"><span class='ocrx_word' id='word_1_202' title='bbox 247 3348 300 3414; x_wconf 89' lang='lat' dir='ltr'><strong>pit:</strong></span> <span class='ocrx_word' id='word_1_203' title='bbox 320 3362 343 3397; x_wconf 91' lang='lat' dir='ltr'><strong>e.</strong></span> <span class='ocrx_word' id='word_1_204' title='bbox 363 3361 390 3411; x_wconf 78' lang='lat' dir='ltr'><strong>g.</strong></span> <span class='ocrx_word' id='word_1_205' title='bbox 411 3361 455 3410; x_wconf 90' lang='lat' dir='ltr'><strong>ap.</strong></span> <span class='ocrx_word' id='word_1_206' title='bbox 472 3345 587 3397; x_wconf 85' lang='lat' dir='ltr'><strong>Lucian.</strong></span> <span class='ocrx_word' id='word_1_207' title='bbox 611 3361 697 3397; x_wconf 86' lang='lat' dir='ltr'><strong>muse.</strong></span> <span class='ocrx_word' id='word_1_208' title='bbox 723 3363 827 3398; x_wconf 89' lang='lat' dir='ltr'><strong>cncom.</strong></span> <span class='ocrx_word' id='word_1_209' title='bbox 854 3347 932 3399; x_wconf 81' lang='lat'>5111</span> <span class='ocrx_word' id='word_1_210' title='bbox 955 3363 982 3412; x_wconf 93' lang='lat' dir='ltr'><strong>p.</strong></span> <span class='ocrx_word' id='word_1_211' title='bbox 1002 3350 1052 3399; x_wconf 90' lang='grc'><strong>242</strong></span> <span class='ocrx_word' id='word_1_212' title='bbox 1072 3349 1147 3400; x_wconf 81' lang='lat' dir='ltr'><strong>cha.</strong></span> <span class='ocrx_word' id='word_1_213' title='bbox 1173 3365 1221 3415; x_wconf 90' lang='lat' dir='ltr'><strong>pro</strong></span> <span class='ocrx_word' id='word_1_214' title='bbox 1237 3340 1362 3415; x_wconf 81' lang='grc' dir='ltr'><strong><em>Ἀθηνοῖν</em></strong></span> 
     </span>
     <span class='ocr_line' id='line_1_28' title="bbox 247 3427 1362 3503; baseline 0.004 -19"><span class='ocrx_word' id='word_1_215' title='bbox 247 3433 308 3485; x_wconf 88' lang='lat' dir='ltr'><strong>cod.</strong></span> <span class='ocrx_word' id='word_1_216' title='bbox 334 3434 368 3485; x_wconf 86' lang='lat' dir='ltr'><strong>A.</strong></span> <span class='ocrx_word' id='word_1_217' title='bbox 388 3431 512 3497; x_wconf 85' lang='lat' dir='ltr'><strong>(Gorlic.)</strong></span> <span class='ocrx_word' id='word_1_218' title='bbox 539 3432 648 3483; x_wconf 78' lang='lat' dir='ltr'><strong>exhibet</strong></span> <span class='ocrx_word' id='word_1_219' title='bbox 671 3431 822 3498; x_wconf 75' lang='grc' dir='ltr'><strong><em>καθορᾶν,</em></strong></span> <span class='ocrx_word' id='word_1_220' title='bbox 844 3434 915 3483; x_wconf 90' lang='lat' dir='ltr'><strong>idem</strong></span> <span class='ocrx_word' id='word_1_221' title='bbox 935 3434 982 3485; x_wconf 91' lang='lat' dir='ltr'><strong>lib.</strong></span> <span class='ocrx_word' id='word_1_222' title='bbox 1001 3451 1051 3486; x_wconf 85' lang='lat' dir='ltr'><strong>ms.</strong></span> <span class='ocrx_word' id='word_1_223' title='bbox 1072 3437 1115 3487; x_wconf 88' lang='lat'><strong>111</strong></span> <span class='ocrx_word' id='word_1_224' title='bbox 1133 3453 1160 3502; x_wconf 88' lang='lat' dir='ltr'><strong>p.</strong></span> <span class='ocrx_word' id='word_1_225' title='bbox 1181 3436 1231 3488; x_wconf 82' lang='lat'><strong>118</strong></span> <span class='ocrx_word' id='word_1_226' title='bbox 1247 3427 1362 3503; x_wconf 82' lang='grc' dir='ltr'><strong><em>Ἀθηοιν</em></strong></span> 
     </span>
     <span class='ocr_line' id='line_1_29' title="bbox 247 3509 1361 3595; baseline 0.006 -25"><span class='ocrx_word' id='word_1_227' title='bbox 247 3537 295 3587; x_wconf 85' lang='lat' dir='ltr'><strong>pro</strong></span> <span class='ocrx_word' id='word_1_228' title='bbox 313 3509 466 3595; x_wconf 71' lang='grc' dir='ltr'><strong><em>Ἀθήνῃσιν</em></strong></span> <span class='ocrx_word' id='word_1_229' title='bbox 486 3520 608 3584; x_wconf 88' lang='lat' dir='ltr'><strong>praebet.</strong></span> <span class='ocrx_word' id='word_1_230' title='bbox 625 3517 789 3585; x_wconf 75' lang='grc' dir='ltr'><strong>ΑΟΠΝΑΟ,</strong></span> <span class='ocrx_word' id='word_1_231' title='bbox 809 3521 880 3588; x_wconf 89' lang='lat' dir='ltr'><strong>quod</strong></span> <span class='ocrx_word' id='word_1_232' title='bbox 894 3521 923 3571; x_wconf 92' lang='lat' dir='ltr'><strong>in</strong></span> <span class='ocrx_word' id='word_1_233' title='bbox 941 3521 1001 3573; x_wconf 88' lang='lat' dir='ltr'><strong>cod.</strong></span> <span class='ocrx_word' id='word_1_234' title='bbox 1020 3522 1111 3588; x_wconf 84' lang='lat' dir='ltr'><strong>Apoll.</strong></span> <span class='ocrx_word' id='word_1_235' title='bbox 1129 3524 1214 3590; x_wconf 84' lang='lat' dir='ltr'><strong>Dysc.</strong></span> <span class='ocrx_word' id='word_1_236' title='bbox 1232 3525 1266 3576; x_wconf 88' lang='lat' dir='ltr'><strong>de</strong></span> <span class='ocrx_word' id='word_1_237' title='bbox 1283 3541 1361 3591; x_wconf 91' lang='lat' dir='ltr'><strong>pron.</strong></span> 
     </span>
     <span class='ocr_line' id='line_1_30' title="bbox 246 3603 1361 3674; baseline 0.004 -15"><span class='ocrx_word' id='word_1_238' title='bbox 246 3623 274 3672; x_wconf 93' lang='lat' dir='ltr'><strong>p.</strong></span> <span class='ocrx_word' id='word_1_239' title='bbox 296 3604 375 3659; x_wconf 77' lang='lat' dir='ltr'><strong>loca</strong></span> <span class='ocrx_word' id='word_1_240' title='bbox 393 3605 408 3656; x_wconf 92' lang='grc'><strong>3</strong></span> <span class='ocrx_word' id='word_1_241' title='bbox 429 3603 475 3672; x_wconf 82' lang='lat' dir='ltr'><strong>[cf.</strong></span> <span class='ocrx_word' id='word_1_242' title='bbox 495 3623 523 3672; x_wconf 91' lang='lat' dir='ltr'><strong>p.</strong></span> <span class='ocrx_word' id='word_1_243' title='bbox 541 3606 590 3657; x_wconf 82' lang='grc'><strong>1911</strong></span> <span class='ocrx_word' id='word_1_244' title='bbox 609 3606 707 3674; x_wconf 65' lang='lat' dir='ltr'><strong>Bekis]</strong></span> <span class='ocrx_word' id='word_1_245' title='bbox 727 3612 855 3673; x_wconf 84' lang='lat' dir='ltr'><strong>apparet,</strong></span> <span class='ocrx_word' id='word_1_246' title='bbox 881 3607 969 3658; x_wconf 87' lang='lat' dir='ltr'><strong>editor</strong></span> <span class='ocrx_word' id='word_1_247' title='bbox 990 3613 1065 3659; x_wconf 89' lang='lat' dir='ltr'><strong>recte</strong></span> <span class='ocrx_word' id='word_1_248' title='bbox 1090 3608 1118 3658; x_wconf 93' lang='lat' dir='ltr'><strong>in</strong></span> <span class='ocrx_word' id='word_1_249' title='bbox 1137 3607 1289 3662; x_wconf 78' lang='lat' dir='ltr'><em>AOHNAC</em></span> <span class='ocrx_word' id='word_1_250' title='bbox 1305 3629 1361 3664; x_wconf 87' lang='lat' dir='ltr'><strong>ruu-</strong></span> 
     </span>
     <span class='ocr_line' id='line_1_31' title="bbox 246 3681 1359 3764; baseline 0.007 -21"><span class='ocrx_word' id='word_1_251' title='bbox 246 3696 326 3745; x_wconf 79' lang='lat' dir='ltr'><strong>tavit.</strong></span> <span class='ocrx_word' id='word_1_252' title='bbox 348 3682 493 3756; x_wconf 66' lang='grc' dir='ltr'><strong><em>*Ἀφίδνας</em></strong></span> <span class='ocrx_word' id='word_1_253' title='bbox 505 3708 553 3758; x_wconf 90' lang='lat' dir='ltr'><strong>pro</strong></span> <span class='ocrx_word' id='word_1_254' title='bbox 566 3681 689 3758; x_wconf 77' lang='grc' dir='ltr'><strong><em>Ἀθήνας</em></strong></span> <span class='ocrx_word' id='word_1_255' title='bbox 706 3694 877 3746; x_wconf 86' lang='lat' dir='ltr'><strong>scribendum</strong></span> <span class='ocrx_word' id='word_1_256' title='bbox 897 3711 957 3747; x_wconf 84' lang='lat' dir='ltr'><strong>esse</strong></span> <span class='ocrx_word' id='word_1_257' title='bbox 975 3696 1144 3762; x_wconf 88' lang='lat' dir='ltr'><strong>inpromptu</strong></span> <span class='ocrx_word' id='word_1_258' title='bbox 1160 3704 1202 3748; x_wconf 90' lang='lat' dir='ltr'><strong>est</strong></span> <span class='ocrx_word' id='word_1_259' title='bbox 1216 3714 1260 3764; x_wconf 88' lang='lat' dir='ltr'><strong>ap.</strong></span> <span class='ocrx_word' id='word_1_260' title='bbox 1276 3699 1359 3751; x_wconf 85' lang='lat' dir='ltr'><strong>Paua.</strong></span> 
     </span>
     <span class='ocr_line' id='line_1_32' title="bbox 245 3779 1360 3847; baseline 0.002 -16"><span class='ocrx_word' id='word_1_261' title='bbox 245 3779 259 3831; x_wconf 92' lang='lat'>1</span> <span class='ocrx_word' id='word_1_262' title='bbox 278 3781 327 3844; x_wconf 88' lang='grc'><strong>41,</strong></span> <span class='ocrx_word' id='word_1_263' title='bbox 345 3780 362 3830; x_wconf 82' lang='grc'><strong>5</strong></span> <span class='ocrx_word' id='word_1_264' title='bbox 385 3796 418 3830; x_wconf 87' lang='lat' dir='ltr'><strong>ex</strong></span> <span class='ocrx_word' id='word_1_265' title='bbox 436 3781 496 3847; x_wconf 92' lang='lat' dir='ltr'><strong>ipso</strong></span> <span class='ocrx_word' id='word_1_266' title='bbox 514 3782 633 3833; x_wconf 87' lang='lat' dir='ltr'><strong>Pausau.</strong></span> <span class='ocrx_word' id='word_1_267' title='bbox 658 3782 859 3835; x_wconf 72' lang='lat' dir='ltr'><strong>nonnemo.</strong></span> <span class='ocrx_word' id='word_1_268' title='bbox 878 3783 919 3834; x_wconf 84' lang='lat' dir='ltr'><strong>IX</strong></span> <span class='ocrx_word' id='word_1_269' title='bbox 935 3782 968 3835; x_wconf 82' lang='lat'><strong>73</strong></span> <span class='ocrx_word' id='word_1_270' title='bbox 986 3784 1099 3834; x_wconf 89' lang='lat' dir='ltr'><strong>Diodor.</strong></span> <span class='ocrx_word' id='word_1_271' title='bbox 1113 3783 1152 3834; x_wconf 86' lang='lat' dir='ltr'><strong>IV</strong></span> <span class='ocrx_word' id='word_1_272' title='bbox 1171 3801 1193 3836; x_wconf 81' lang='lat' dir='ltr'><strong>s.</strong></span> <span class='ocrx_word' id='word_1_273' title='bbox 1212 3784 1263 3836; x_wconf 74' lang='lat'><strong>63’</strong></span> <span class='ocrx_word' id='word_1_274' title='bbox 1282 3784 1360 3834; x_wconf 82' lang='lat' dir='ltr'><strong>Facit</strong></span> 
     </span>
     <span class='ocr_line' id='line_1_33' title="bbox 245 3860 1360 3936; baseline 0 -18"><span class='ocrx_word' id='word_1_275' title='bbox 245 3873 310 3918; x_wconf 86' lang='lat' dir='ltr'><strong>suut</strong></span> <span class='ocrx_word' id='word_1_276' title='bbox 327 3868 411 3918; x_wconf 86' lang='lat' dir='ltr'><strong>verba</strong></span> <span class='ocrx_word' id='word_1_277' title='bbox 428 3873 448 3919; x_wconf 87' lang='lat' dir='ltr'><strong>t.</strong></span> <span class='ocrx_word' id='word_1_278' title='bbox 468 3869 482 3919; x_wconf 93' lang='lat'>1</span> <span class='ocrx_word' id='word_1_279' title='bbox 500 3885 527 3934; x_wconf 93' lang='lat' dir='ltr'><strong>p.</strong></span> <span class='ocrx_word' id='word_1_280' title='bbox 549 3869 607 3919; x_wconf 82' lang='lat'><strong>157.</strong></span> <span class='ocrx_word' id='word_1_281' title='bbox 636 3869 726 3935; x_wconf 86' lang='lat' dir='ltr'><strong>Heyn.</strong></span> <span class='ocrx_word' id='word_1_282' title='bbox 748 3869 973 3936; x_wconf 83' lang='lat' dir='ltr'><strong>adApollod.H</strong></span> <span class='ocrx_word' id='word_1_283' title='bbox 992 3871 1017 3933; x_wconf 88' lang='grc'><strong>7,</strong></span> <span class='ocrx_word' id='word_1_284' title='bbox 1040 3871 1051 3921; x_wconf 97' lang='grc'><strong>1</strong></span> <span class='ocrx_word' id='word_1_285' title='bbox 1071 3887 1098 3935; x_wconf 88' lang='lat' dir='ltr'><strong>p.</strong></span> <span class='ocrx_word' id='word_1_286' title='bbox 1118 3869 1184 3921; x_wconf 77' lang='lat'><strong>449:</strong></span> <span class='ocrx_word' id='word_1_287' title='bbox 1205 3866 1264 3918; x_wconf 79' lang='lat' dir='ltr'><strong>‘dt’</strong></span> <span class='ocrx_word' id='word_1_288' title='bbox 1279 3860 1360 3935; x_wconf 83' lang='grc' dir='ltr'><strong>Ἀθη-</strong></span> 
     </span>
     <span class='ocr_line' id='line_1_34' title="bbox 245 3946 1360 4024; baseline 0.004 -23"><span class='ocrx_word' id='word_1_289' title='bbox 245 3950 309 4014; x_wconf 82' lang='grc' dir='ltr'><strong><em>νᾶν,</em></strong></span> <span class='ocrx_word' id='word_1_290' title='bbox 327 3954 372 4004; x_wconf 84' lang='lat' dir='ltr'><strong>vix</strong></span> <span class='ocrx_word' id='word_1_291' title='bbox 392 3970 487 4006; x_wconf 85' lang='lat' dir='ltr'><strong>sanum</strong></span> <span class='ocrx_word' id='word_1_292' title='bbox 505 3956 583 4008; x_wconf 88' lang='lat' dir='ltr'><strong>hoc.’</strong></span> <span class='ocrx_word' id='word_1_293' title='bbox 621 3957 756 4009; x_wconf 82' lang='lat' dir='ltr'><strong>Solemnis</strong></span> <span class='ocrx_word' id='word_1_294' title='bbox 776 3963 818 4008; x_wconf 88' lang='lat' dir='ltr'><strong>est</strong></span> <span class='ocrx_word' id='word_1_295' title='bbox 835 3958 959 4009; x_wconf 83' lang='lat' dir='ltr'><strong>confusio</strong></span> <span class='ocrx_word' id='word_1_296' title='bbox 978 3973 1055 4007; x_wconf 85' lang='lat' dir='ltr'><strong>voco.</strong></span> <span class='ocrx_word' id='word_1_297' title='bbox 1072 3946 1189 4021; x_wconf 74' lang='grc' dir='ltr'><strong><em>Ἀθῆναι</em></strong></span> <span class='ocrx_word' id='word_1_298' title='bbox 1208 3961 1235 4008; x_wconf 89' lang='lat' dir='ltr'><strong>et</strong></span> <span class='ocrx_word' id='word_1_299' title='bbox 1256 3954 1360 4024; x_wconf 77' lang='grc' dir='ltr'><strong><em>Θῆβαι,</em></strong></span> 
     </span>
     <span class='ocr_line' id='line_1_35' title="bbox 244 4041 1359 4111; baseline 0.004 -20"><span class='ocrx_word' id='word_1_300' title='bbox 244 4042 276 4091; x_wconf 92' lang='grc' dir='ltr'><strong>Ρ.</strong></span> <span class='ocrx_word' id='word_1_301' title='bbox 297 4041 459 4108; x_wconf 79' lang='lat' dir='ltr'><strong>Wesscling.</strong></span> <span class='ocrx_word' id='word_1_302' title='bbox 476 4044 558 4096; x_wconf 89' lang='lat' dir='ltr'><strong>Diod.</strong></span> <span class='ocrx_word' id='word_1_303' title='bbox 578 4046 592 4096; x_wconf 96' lang='lat' dir='ltr'>I</span> <span class='ocrx_word' id='word_1_304' title='bbox 617 4061 644 4111; x_wconf 88' lang='lat' dir='ltr'><strong>p.</strong></span> <span class='ocrx_word' id='word_1_305' title='bbox 664 4045 712 4096; x_wconf 87' lang='grc'><strong>311</strong></span> <span class='ocrx_word' id='word_1_306' title='bbox 734 4044 835 4110; x_wconf 78' lang='lat' dir='ltr'><strong>Scalig.</strong></span> <span class='ocrx_word' id='word_1_307' title='bbox 855 4045 957 4096; x_wconf 84' lang='lat' dir='ltr'><strong>Euseb.</strong></span> <span class='ocrx_word' id='word_1_308' title='bbox 977 4044 1057 4094; x_wconf 86' lang='lat' dir='ltr'><strong>Chro.</strong></span> <span class='ocrx_word' id='word_1_309' title='bbox 1077 4044 1206 4096; x_wconf 83' lang='lat' dir='ltr'><strong>Dcccx.</strong></span> <span class='ocrx_word' id='word_1_310' title='bbox 1238 4044 1359 4096; x_wconf 78' lang='lat' dir='ltr'><strong>Meinelr.</strong></span> 
     </span>
     <span class='ocr_line' id='line_1_36' title="bbox 245 4125 1358 4195; baseline 0.004 -17"><span class='ocrx_word' id='word_1_311' title='bbox 245 4143 306 4180; x_wconf 80' lang='lat' dir='ltr'><strong>cxx.</strong></span> <span class='ocrx_word' id='word_1_312' title='bbox 323 4127 390 4194; x_wconf 89' lang='lat' dir='ltr'><strong>phil.</strong></span> <span class='ocrx_word' id='word_1_313' title='bbox 413 4130 479 4181; x_wconf 82' lang='grc'><strong>1846</strong></span> <span class='ocrx_word' id='word_1_314' title='bbox 497 4146 524 4195; x_wconf 93' lang='lat' dir='ltr'><strong>p.</strong></span> <span class='ocrx_word' id='word_1_315' title='bbox 542 4133 568 4181; x_wconf 89' lang='grc'><strong>4.</strong></span> <span class='ocrx_word' id='word_1_316' title='bbox 588 4125 685 4182; x_wconf 71' lang='lat' dir='ltr'><strong>heheu.</strong></span> <span class='ocrx_word' id='word_1_317' title='bbox 705 4132 733 4182; x_wconf 92' lang='lat'><strong>11</strong></span> <span class='ocrx_word' id='word_1_318' title='bbox 752 4131 818 4182; x_wconf 78' lang='lat'><strong>440</strong></span> <span class='ocrx_word' id='word_1_319' title='bbox 836 4129 922 4181; x_wconf 91' lang='lat' dir='ltr'><strong>schol.</strong></span> <span class='ocrx_word' id='word_1_320' title='bbox 942 4131 988 4180; x_wconf 81' lang='lat' dir='ltr'><strong>Ar.</strong></span> <span class='ocrx_word' id='word_1_321' title='bbox 1006 4129 1073 4181; x_wconf 77' lang='lat' dir='ltr'><strong>Aah.</strong></span> <span class='ocrx_word' id='word_1_322' title='bbox 1093 4130 1144 4182; x_wconf 84' lang='grc'><strong>862</strong></span> <span class='ocrx_word' id='word_1_323' title='bbox 1172 4130 1257 4182; x_wconf 82' lang='lat' dir='ltr'><strong>schol.</strong></span> <span class='ocrx_word' id='word_1_324' title='bbox 1279 4131 1358 4182; x_wconf 90' lang='lat' dir='ltr'><strong>Piud.</strong></span> 
     </span>
     <span class='ocr_line' id='line_1_37' title="bbox 244 4207 1359 4288; baseline 0.003 -24"><span class='ocrx_word' id='word_1_325' title='bbox 244 4214 288 4266; x_wconf 90' lang='lat' dir='ltr'><strong>Ol.</strong></span> <span class='ocrx_word' id='word_1_326' title='bbox 305 4215 334 4265; x_wconf 89' lang='lat' dir='ltr'>H</span> <span class='ocrx_word' id='word_1_327' title='bbox 348 4216 391 4266; x_wconf 83' lang='grc'><strong>48.</strong></span> <span class='ocrx_word' id='word_1_328' title='bbox 428 4216 470 4266; x_wconf 91' lang='lat' dir='ltr'><strong>De</strong></span> <span class='ocrx_word' id='word_1_329' title='bbox 492 4219 653 4282; x_wconf 86' lang='lat' dir='ltr'><strong>permutatis</strong></span> <span class='ocrx_word' id='word_1_330' title='bbox 677 4208 805 4283; x_wconf 76' lang='grc' dir='ltr'><strong><em>’Δθηνιὸν</em></strong></span> <span class='ocrx_word' id='word_1_331' title='bbox 825 4224 853 4269; x_wconf 90' lang='lat' dir='ltr'><strong>et</strong></span> <span class='ocrx_word' id='word_1_332' title='bbox 872 4207 1023 4280; x_wconf 71' lang='grc' dir='ltr'><strong><em>ἀσθενέσι,</em></strong></span> <span class='ocrx_word' id='word_1_333' title='bbox 1046 4207 1166 4283; x_wconf 72' lang='grc' dir='ltr'><strong><em>Ἀθῆναι</em></strong></span> <span class='ocrx_word' id='word_1_334' title='bbox 1184 4207 1359 4288; x_wconf 72' lang='grc' dir='ltr'><strong><em>ο1ᾇοθῆναι</em></strong></span> 
     </span>
     <span class='ocr_line' id='line_1_38' title="bbox 244 4291 1357 4371; baseline 0.004 -20"><span class='ocrx_word' id='word_1_335' title='bbox 244 4307 271 4351; x_wconf 88' lang='lat' dir='ltr'><strong>ct</strong></span> <span class='ocrx_word' id='word_1_336' title='bbox 288 4295 452 4366; x_wconf 72' lang='grc' dir='ltr'><strong><em>ἅνθρωποι,</em></strong></span> <span class='ocrx_word' id='word_1_337' title='bbox 470 4291 586 4367; x_wconf 74' lang='grc' dir='ltr'><strong><em>ἀπήνης</em></strong></span> <span class='ocrx_word' id='word_1_338' title='bbox 604 4310 631 4353; x_wconf 85' lang='lat' dir='ltr'><strong>ot</strong></span> <span class='ocrx_word' id='word_1_339' title='bbox 646 4293 768 4369; x_wconf 74' lang='grc' dir='ltr'><strong><em>Ἀθήνης</em></strong></span> <span class='ocrx_word' id='word_1_340' title='bbox 786 4305 836 4355; x_wconf 82' lang='lat' dir='ltr'><strong>cir.</strong></span> <span class='ocrx_word' id='word_1_341' title='bbox 852 4306 885 4356; x_wconf 88' lang='lat' dir='ltr'><strong>R.</strong></span> <span class='ocrx_word' id='word_1_342' title='bbox 904 4305 997 4370; x_wconf 79' lang='lat' dir='ltr'><strong>Unger</strong></span> <span class='ocrx_word' id='word_1_343' title='bbox 1015 4305 1110 4371; x_wconf 90' lang='lat' dir='ltr'><strong>parad.</strong></span> <span class='ocrx_word' id='word_1_344' title='bbox 1131 4305 1236 4356; x_wconf 86' lang='lat' dir='ltr'><strong>Thebb.</strong></span> <span class='ocrx_word' id='word_1_345' title='bbox 1255 4322 1281 4371; x_wconf 87' lang='lat' dir='ltr'><strong>p.</strong></span> <span class='ocrx_word' id='word_1_346' title='bbox 1296 4307 1357 4356; x_wconf 72' lang='grc'><strong>452.</strong></span> 
     </span>
     <span class='ocr_line' id='line_1_39' title="bbox 243 4377 1355 4456; baseline 0.004 -19"><span class='ocrx_word' id='word_1_347' title='bbox 243 4385 451 4438; x_wconf 83' lang='lat' dir='ltr'><strong>Confunduntur</strong></span> <span class='ocrx_word' id='word_1_348' title='bbox 474 4387 542 4437; x_wconf 88' lang='lat' dir='ltr'><strong>adeo</strong></span> <span class='ocrx_word' id='word_1_349' title='bbox 567 4377 670 4453; x_wconf 77' lang='grc' dir='ltr'><strong><em>ἄτιμον</em></strong></span> <span class='ocrx_word' id='word_1_350' title='bbox 690 4397 717 4440; x_wconf 89' lang='lat' dir='ltr'><strong>ct</strong></span> <span class='ocrx_word' id='word_1_351' title='bbox 735 4381 888 4455; x_wconf 65' lang='lat' dir='ltr'><strong>itinerator</strong></span> <span class='ocrx_word' id='word_1_352' title='bbox 910 4406 955 4456; x_wconf 87' lang='lat' dir='ltr'><strong>ap.</strong></span> <span class='ocrx_word' id='word_1_353' title='bbox 977 4391 1059 4443; x_wconf 90' lang='lat' dir='ltr'><strong>Dion.</strong></span> <span class='ocrx_word' id='word_1_354' title='bbox 1078 4391 1174 4456; x_wconf 83' lang='lat' dir='ltr'><strong>Chrys.</strong></span> <span class='ocrx_word' id='word_1_355' title='bbox 1194 4407 1234 4442; x_wconf 88' lang='lat' dir='ltr'><strong>or.</strong></span> <span class='ocrx_word' id='word_1_356' title='bbox 1254 4391 1355 4442; x_wconf 78' lang='lat' dir='ltr'>Lxxx</span> 
     </span>
    </p>
   </div>
   <div class='ocr_carea' id='block_1_6' title="bbox 0 0 1486 5010">
    <p class='ocr_par' dir='ltr' id='par_1_6' title="bbox 0 0 1486 5010">
     <span class='ocr_line' id='line_1_40' title="bbox 0 0 1486 5010; baseline 0 1"><span class='ocrx_word' id='word_1_357' title='bbox 0 0 1486 5010; x_wconf 95' lang='lat' dir='ltr'><strong> </strong></span> 
     </span>
    </p>
   </div>
  </div>
 </body>
</html>
