<?xml version="1.0" encoding="UTF-8"?>
<!DOCTYPE html PUBLIC "-//W3C//DTD XHTML 1.0 Transitional//EN"
    "http://www.w3.org/TR/xhtml1/DTD/xhtml1-transitional.dtd">
<html xmlns="http://www.w3.org/1999/xhtml" xml:lang="en" lang="en">
 <head>
  <title>
</title>
<meta http-equiv="Content-Type" content="text/html;charset=utf-8" />
  <meta name='ocr-system' content='tesseract 3.04.00' />
  <meta name='ocr-capabilities' content='ocr_page ocr_carea ocr_par ocr_line ocrx_word'/>
</head>
<body>
  <div class='ocr_page' id='page_1' title='image "./didymichalcente00schmgoog_0158.png"; bbox 0 0 2948 5024; ppageno 0'>
   <div class='ocr_carea' id='block_1_1' title="bbox 546 409 1196 486">
    <p class='ocr_par' dir='ltr' id='par_1_1' title="bbox 546 409 1196 486">
     <span class='ocr_line' id='line_1_1' title="bbox 546 409 1196 486; baseline -0.006 0"><span class='ocrx_word' id='word_1_1' title='bbox 546 426 748 486; x_wconf 78' lang='lat' dir='ltr'><strong><em>-K-</em></strong></span> <span class='ocrx_word' id='word_1_2' title='bbox 908 409 914 427; x_wconf 90' lang='lat'><em>&#39;</em></span> <span class='ocrx_word' id='word_1_3' title='bbox 1139 422 1196 483; x_wconf 78' lang='lat'><strong><em>139</em></strong></span> 
     </span>
    </p>
   </div>
   <div class='ocr_carea' id='block_1_2' title="bbox 7 573 1199 883">
    <p class='ocr_par' dir='ltr' id='par_1_2' title="bbox 7 573 1199 883">
     <span class='ocr_line' id='line_1_2' title="bbox 84 573 1199 677; baseline -0.004 -21"><span class='ocrx_word' id='word_1_4' title='bbox 84 591 121 656; x_wconf 81' lang='grc' dir='ltr'><strong><em>δέ</em></strong></span> <span class='ocrx_word' id='word_1_5' title='bbox 151 588 208 655; x_wconf 80' lang='grc' dir='ltr'><strong><em>καὶ</em></strong></span> <span class='ocrx_word' id='word_1_6' title='bbox 236 588 372 677; x_wconf 79' lang='grc' dir='ltr'><strong><em>ἐκείνῳ·</em></strong></span> <span class='ocrx_word' id='word_1_7' title='bbox 406 585 507 655; x_wconf 61' lang='grc' dir='ltr'><strong><em>’σόον</em></strong></span> <span class='ocrx_word' id='word_1_8' title='bbox 527 585 561 654; x_wconf 89' lang='grc' dir='ltr'><strong><em>δ’</em></strong></span> <span class='ocrx_word' id='word_1_9' title='bbox 591 573 790 654; x_wconf 79' lang='grc' dir='ltr'><strong><em>άνένευσεν’</em></strong></span> <span class='ocrx_word' id='word_1_10' title='bbox 829 587 883 675; x_wconf 84' lang='grc'><strong>(11.</strong></span> <span class='ocrx_word' id='word_1_11' title='bbox 903 593 937 653; x_wconf 88' lang='grc' dir='ltr'>Π</span> <span class='ocrx_word' id='word_1_12' title='bbox 959 591 1050 675; x_wconf 86' lang='grc'><strong>252)·</strong></span> <span class='ocrx_word' id='word_1_13' title='bbox 1100 590 1199 670; x_wconf 78' lang='grc' dir='ltr'><strong><em>διχῶς</em></strong></span> 
     </span>
     <span class='ocr_line' id='line_1_3' title="bbox 86 683 607 758; baseline 0.002 -1"><span class='ocrx_word' id='word_1_14' title='bbox 86 683 161 758; x_wconf 80' lang='grc' dir='ltr'><strong><em>οὖν.</em></strong></span> <span class='ocrx_word' id='word_1_15' title='bbox 186 694 228 758; x_wconf 98' lang='lat' dir='ltr'><strong><em>A.</em></strong></span> <span class='ocrx_word' id='word_1_16' title='bbox 548 756 550 758; x_wconf 82' lang='grc'><strong>,</strong></span> <span class='ocrx_word' id='word_1_17' title='bbox 605 723 607 727; x_wconf 94' lang='grc'><strong><em>·</em></strong></span> 
     </span>
     <span class='ocr_line' id='line_1_4' title="bbox 7 788 965 883; baseline -0.002 -24"><span class='ocrx_word' id='word_1_18' title='bbox 7 792 9 799; x_wconf 62' lang='grc'>’</span> <span class='ocrx_word' id='word_1_19' title='bbox 174 789 315 877; x_wconf 60' lang='grc' dir='ltr'><strong><em>(άλλως</em></strong></span> <span class='ocrx_word' id='word_1_20' title='bbox 335 788 545 878; x_wconf 75' lang='grc' dir='ltr'><strong><em>Ἀρίσταρχος</em></strong></span> <span class='ocrx_word' id='word_1_21' title='bbox 566 797 670 883; x_wconf 77' lang='grc' dir='ltr'><strong><em>σοῷς</em></strong></span> <span class='ocrx_word' id='word_1_22' title='bbox 692 794 746 858; x_wconf 79' lang='grc' dir='ltr'><strong><em>καί</em></strong></span> <span class='ocrx_word' id='word_1_23' title='bbox 768 796 883 880; x_wconf 76' lang='grc' dir='ltr'><strong><em>σαῷς.</em></strong></span> <span class='ocrx_word' id='word_1_24' title='bbox 909 793 965 880; x_wconf 86' lang='grc' dir='ltr'><strong>Α.)</strong></span> 
     </span>
    </p>
   </div>
   <div class='ocr_carea' id='block_1_3' title="bbox 76 887 1201 4223">
    <p class='ocr_par' dir='ltr' id='par_1_3' title="bbox 89 887 1199 1084">
     <span class='ocr_line' id='line_1_5' title="bbox 175 887 1198 980; baseline -0.007 -17"><span class='ocrx_word' id='word_1_25' title='bbox 175 901 247 963; x_wconf 91' lang='grc'><strong>688.</strong></span> <span class='ocrx_word' id='word_1_26' title='bbox 290 895 431 973; x_wconf 80' lang='grc' dir='ltr'><strong><em>τούτους</em></strong></span> <span class='ocrx_word' id='word_1_27' title='bbox 460 893 498 962; x_wconf 73' lang='grc' dir='ltr'><strong><em>δὲ</em></strong></span> <span class='ocrx_word' id='word_1_28' title='bbox 526 891 606 972; x_wconf 81' lang='grc' dir='ltr'><strong><em>τούς</em></strong></span> <span class='ocrx_word' id='word_1_29' title='bbox 634 899 768 980; x_wconf 81' lang='grc' dir='ltr'><strong><em>στίχους</em></strong></span> <span class='ocrx_word' id='word_1_30' title='bbox 797 889 1039 979; x_wconf 70' lang='grc' dir='ltr'><strong><em>Ἀριστοφάνης</em></strong></span> <span class='ocrx_word' id='word_1_31' title='bbox 1075 887 1198 976; x_wconf 79' lang='grc' dir='ltr'><strong><em>ἠθέτει.</em></strong></span> 
     </span>
     <span class='ocr_line' id='line_1_6' title="bbox 89 993 1199 1084; baseline -0.004 -20"><span class='ocrx_word' id='word_1_32' title='bbox 89 997 279 1084; x_wconf 80' lang='grc' dir='ltr'><strong><em>Ζηνόδοτος</em></strong></span> <span class='ocrx_word' id='word_1_33' title='bbox 299 995 359 1064; x_wconf 85' lang='grc' dir='ltr'><strong><em>τὸν</em></strong></span> <span class='ocrx_word' id='word_1_34' title='bbox 381 993 502 1082; x_wconf 73' lang='grc' dir='ltr'><strong><em>αὔριον</em></strong></span> <span class='ocrx_word' id='word_1_35' title='bbox 525 995 643 1082; x_wconf 87' lang='grc' dir='ltr'><strong><em>μόνον.</em></strong></span> <span class='ocrx_word' id='word_1_36' title='bbox 673 998 744 1064; x_wconf 88' lang='lat' dir='ltr'><strong><em>AL.</em></strong></span> <span class='ocrx_word' id='word_1_37' title='bbox 767 998 946 1064; x_wconf 82' lang='lat' dir='ltr'><strong>Duentzer.</strong></span> <span class='ocrx_word' id='word_1_38' title='bbox 971 996 1094 1063; x_wconf 82' lang='lat' dir='ltr'><strong>Zenod.</strong></span> <span class='ocrx_word' id='word_1_39' title='bbox 1117 1019 1149 1083; x_wconf 87' lang='lat' dir='ltr'><strong><em>p.</em></strong></span> <span class='ocrx_word' id='word_1_40' title='bbox 1170 1001 1199 1060; x_wconf 97' lang='grc'><strong>5.</strong></span> 
     </span>
    </p>

    <p class='ocr_par' dir='ltr' id='par_1_4' title="bbox 87 1095 1200 1493">
     <span class='ocr_line' id='line_1_7' title="bbox 170 1095 1200 1185; baseline -0.002 -19"><span class='ocrx_word' id='word_1_41' title='bbox 170 1105 242 1166; x_wconf 87' lang='grc'><strong>694.</strong></span> <span class='ocrx_word' id='word_1_42' title='bbox 263 1103 402 1184; x_wconf 79' lang='grc' dir='ltr'><strong><em>μάθον</em></strong></span> <span class='ocrx_word' id='word_1_43' title='bbox 419 1097 725 1185; x_wconf 83' lang='grc' dir='ltr'><strong><em>ἀγασσάμενοι·</em></strong></span> <span class='ocrx_word' id='word_1_44' title='bbox 748 1096 914 1185; x_wconf 76' lang='grc' dir='ltr'><strong><em>γράφεται</em></strong></span> <span class='ocrx_word' id='word_1_45' title='bbox 933 1099 989 1166; x_wconf 79' lang='grc' dir='ltr'><strong><em>καί</em></strong></span> <span class='ocrx_word' id='word_1_46' title='bbox 1007 1095 1200 1183; x_wconf 88' lang='grc' dir='ltr'><strong><em>φρασσά-</em></strong></span> 
     </span>
     <span class='ocr_line' id='line_1_8' title="bbox 88 1195 1193 1286; baseline -0.003 -21"><span class='ocrx_word' id='word_1_47' title='bbox 88 1224 220 1283; x_wconf 89' lang='grc' dir='ltr'><strong><em>μενοι.</em></strong></span> <span class='ocrx_word' id='word_1_48' title='bbox 246 1195 435 1285; x_wconf 80' lang='grc' dir='ltr'><strong><em>Ζηνόδοτος</em></strong></span> <span class='ocrx_word' id='word_1_49' title='bbox 454 1199 492 1267; x_wconf 73' lang='grc' dir='ltr'><strong><em>δὲ</em></strong></span> <span class='ocrx_word' id='word_1_50' title='bbox 515 1196 576 1267; x_wconf 82' lang='grc' dir='ltr'><strong><em>τὸν</em></strong></span> <span class='ocrx_word' id='word_1_51' title='bbox 597 1205 711 1286; x_wconf 90' lang='grc' dir='ltr'><strong><em>στίχον</em></strong></span> <span class='ocrx_word' id='word_1_52' title='bbox 733 1197 798 1268; x_wconf 76' lang='grc' dir='ltr'><strong><em>οὐκ</em></strong></span> <span class='ocrx_word' id='word_1_53' title='bbox 817 1204 977 1286; x_wconf 81' lang='grc' dir='ltr'><strong><em>ἔγραφεν.</em></strong></span> <span class='ocrx_word' id='word_1_54' title='bbox 1001 1195 1193 1284; x_wconf 86' lang='grc' dir='ltr'><strong><em>Ἀριστοφά-</em></strong></span> 
     </span>
     <span class='ocr_line' id='line_1_9' title="bbox 89 1295 1199 1392; baseline 0.001 -27"><span class='ocrx_word' id='word_1_55' title='bbox 89 1325 149 1386; x_wconf 89' lang='grc' dir='ltr'><strong><em>νης</em></strong></span> <span class='ocrx_word' id='word_1_56' title='bbox 170 1298 207 1369; x_wconf 73' lang='grc' dir='ltr'><strong><em>δὲ</em></strong></span> <span class='ocrx_word' id='word_1_57' title='bbox 230 1295 355 1387; x_wconf 77' lang='grc' dir='ltr'><strong><em>ηδέτει.</em></strong></span> <span class='ocrx_word' id='word_1_58' title='bbox 384 1304 426 1369; x_wconf 89' lang='grc' dir='ltr'><strong>Α.</strong></span> <span class='ocrx_word' id='word_1_59' title='bbox 468 1304 564 1371; x_wconf 80' lang='lat' dir='ltr'><strong>Alter</strong></span> <span class='ocrx_word' id='word_1_60' title='bbox 591 1304 767 1370; x_wconf 79' lang='lat' dir='ltr'><strong>scholiasta</strong></span> <span class='ocrx_word' id='word_1_61' title='bbox 791 1306 826 1369; x_wconf 91' lang='lat' dir='ltr'><strong><em>in</em></strong></span> <span class='ocrx_word' id='word_1_62' title='bbox 847 1306 878 1368; x_wconf 92' lang='lat' dir='ltr'><strong>A</strong></span> <span class='ocrx_word' id='word_1_63' title='bbox 898 1327 957 1392; x_wconf 86' lang='lat' dir='ltr'><strong><em>pro</em></strong></span> <span class='ocrx_word' id='word_1_64' title='bbox 975 1304 1199 1392; x_wconf 84' lang='lat' dir='ltr'><strong>Aristophane</strong></span> 
     </span>
     <span class='ocr_line' id='line_1_10' title="bbox 87 1403 998 1493; baseline 0.003 -25"><span class='ocrx_word' id='word_1_65' title='bbox 87 1403 185 1469; x_wconf 78' lang='lat' dir='ltr'><strong>habet</strong></span> <span class='ocrx_word' id='word_1_66' title='bbox 206 1405 444 1471; x_wconf 84' lang='lat' dir='ltr'><strong>Aristarchum.</strong></span> <span class='ocrx_word' id='word_1_67' title='bbox 491 1406 545 1471; x_wconf 81' lang='lat' dir='ltr'><strong><em>Of.</em></strong></span> <span class='ocrx_word' id='word_1_68' title='bbox 565 1406 743 1473; x_wconf 86' lang='lat' dir='ltr'><strong>Duentzer.</strong></span> <span class='ocrx_word' id='word_1_69' title='bbox 767 1407 890 1473; x_wconf 85' lang='lat' dir='ltr'><strong>Zenod.</strong></span> <span class='ocrx_word' id='word_1_70' title='bbox 913 1431 945 1493; x_wconf 90' lang='lat' dir='ltr'><strong><em>p.</em></strong></span> <span class='ocrx_word' id='word_1_71' title='bbox 969 1412 998 1471; x_wconf 82' lang='lat'><strong><em>5.</em></strong></span> 
     </span>
    </p>

    <p class='ocr_par' dir='ltr' id='par_1_5' title="bbox 171 1502 1196 1593">
     <span class='ocr_line' id='line_1_11' title="bbox 171 1502 1196 1593; baseline -0.001 -21"><span class='ocrx_word' id='word_1_72' title='bbox 171 1510 244 1572; x_wconf 89' lang='grc'><strong>698.</strong></span> <span class='ocrx_word' id='word_1_73' title='bbox 281 1504 337 1572; x_wconf 83' lang='grc' dir='ltr'><strong><em>διὰ</em></strong></span> <span class='ocrx_word' id='word_1_74' title='bbox 358 1511 421 1572; x_wconf 77' lang='grc' dir='ltr'><strong><em>τοῦ</em></strong></span> <span class='ocrx_word' id='word_1_75' title='bbox 442 1510 463 1572; x_wconf 93' lang='grc' dir='ltr'><strong><em>δ</em></strong></span> <span class='ocrx_word' id='word_1_76' title='bbox 485 1503 594 1585; x_wconf 82' lang='grc' dir='ltr'><strong><em>οὕτως</em></strong></span> <span class='ocrx_word' id='word_1_77' title='bbox 613 1506 823 1593; x_wconf 76' lang='grc' dir='ltr'><strong><em>Ἀρίσταρχος</em></strong></span> <span class='ocrx_word' id='word_1_78' title='bbox 845 1502 895 1592; x_wconf 78' lang='grc' dir='ltr'><strong><em>μὴ</em></strong></span> <span class='ocrx_word' id='word_1_79' title='bbox 914 1503 948 1572; x_wconf 91' lang='grc' dir='ltr'><strong><em>δ’</em></strong></span> <span class='ocrx_word' id='word_1_80' title='bbox 972 1503 1131 1589; x_wconf 77' lang='grc' dir='ltr'><strong><em>ὄφελες.</em></strong></span> <span class='ocrx_word' id='word_1_81' title='bbox 1155 1509 1196 1573; x_wconf 90' lang='lat' dir='ltr'><strong><em>A.</em></strong></span> 
     </span>
    </p>

    <p class='ocr_par' dir='ltr' id='par_1_6' title="bbox 85 1604 1201 1897">
     <span class='ocr_line' id='line_1_12' title="bbox 171 1604 1198 1695; baseline 0.001 -22"><span class='ocrx_word' id='word_1_82' title='bbox 171 1614 244 1674; x_wconf 87' lang='grc'><strong>709.</strong></span> <span class='ocrx_word' id='word_1_83' title='bbox 284 1610 321 1674; x_wconf 81' lang='grc' dir='ltr'><strong><em>ἐν</em></strong></span> <span class='ocrx_word' id='word_1_84' title='bbox 349 1626 416 1673; x_wconf 88' lang='grc' dir='ltr'><strong><em>τισι</em></strong></span> <span class='ocrx_word' id='word_1_85' title='bbox 444 1613 514 1674; x_wconf 76' lang='grc' dir='ltr'><strong><em>τῶν</em></strong></span> <span class='ocrx_word' id='word_1_86' title='bbox 537 1604 792 1695; x_wconf 77' lang='grc' dir='ltr'><strong><em>ὑπομνημάτων</em></strong></span> <span class='ocrx_word' id='word_1_87' title='bbox 817 1606 874 1675; x_wconf 87' lang='grc' dir='ltr'><strong><em>διά</em></strong></span> <span class='ocrx_word' id='word_1_88' title='bbox 901 1613 963 1674; x_wconf 85' lang='grc' dir='ltr'><strong><em>τοῦ</em></strong></span> <span class='ocrx_word' id='word_1_89' title='bbox 984 1633 1005 1673; x_wconf 93' lang='grc' dir='ltr'><strong><em>α</em></strong></span> <span class='ocrx_word' id='word_1_90' title='bbox 1023 1604 1198 1693; x_wconf 78' lang='grc' dir='ltr'><strong><em>ἀνῆκας·</em></strong></span> 
     </span>
     <span class='ocr_line' id='line_1_13' title="bbox 85 1705 1201 1804; baseline 0.001 -29"><span class='ocrx_word' id='word_1_91' title='bbox 85 1710 141 1776; x_wconf 71' lang='grc' dir='ltr'><strong><em>καί</em></strong></span> <span class='ocrx_word' id='word_1_92' title='bbox 174 1713 265 1777; x_wconf 81' lang='grc' dir='ltr'><strong><em>ἐστιν</em></strong></span> <span class='ocrx_word' id='word_1_93' title='bbox 298 1705 460 1795; x_wconf 77' lang='grc' dir='ltr'><strong><em>Ὁμηρικη</em></strong></span> <span class='ocrx_word' id='word_1_94' title='bbox 494 1733 563 1789; x_wconf 82' lang='grc' dir='ltr'><strong><em>πως</em></strong></span> <span class='ocrx_word' id='word_1_95' title='bbox 594 1705 615 1796; x_wconf 78' lang='grc' dir='ltr'><em>ἡ</em></span> <span class='ocrx_word' id='word_1_96' title='bbox 649 1711 763 1797; x_wconf 82' lang='grc' dir='ltr'><strong><em>γραφή</em></strong></span> <span class='ocrx_word' id='word_1_97' title='bbox 817 1707 1023 1804; x_wconf 22' lang='grc' dir='ltr'><strong><em>’άφροναι</em></strong></span> <span class='ocrx_word' id='word_1_98' title='bbox 1044 1715 1201 1777; x_wconf 85' lang='grc' dir='ltr'><strong><em>τοῦτον</em></strong></span> 
     </span>
     <span class='ocr_line' id='line_1_14' title="bbox 86 1808 369 1897; baseline 0.007 -20"><span class='ocrx_word' id='word_1_99' title='bbox 86 1808 275 1897; x_wconf 52' lang='grc' dir='ltr'><strong><em>άνῆιιαςθ</em></strong></span> <span class='ocrx_word' id='word_1_100' title='bbox 298 1812 369 1879; x_wconf 90' lang='lat' dir='ltr'><strong><em>AL.</em></strong></span> 
     </span>
    </p>

    <p class='ocr_par' dir='ltr' id='par_1_7' title="bbox 84 2010 1198 2412">
     <span class='ocr_line' id='line_1_15' title="bbox 172 2010 1198 2104; baseline 0 -23"><span class='ocrx_word' id='word_1_101' title='bbox 172 2017 227 2082; x_wconf 84' lang='lat'><strong><em>?1.</em></strong></span> <span class='ocrx_word' id='word_1_102' title='bbox 251 2020 474 2103; x_wconf 78' lang='grc' dir='ltr'><strong><em>παραιτητέον</em></strong></span> <span class='ocrx_word' id='word_1_103' title='bbox 496 2016 533 2084; x_wconf 68' lang='grc' dir='ltr'><strong><em>δὲ</em></strong></span> <span class='ocrx_word' id='word_1_104' title='bbox 551 2014 631 2097; x_wconf 86' lang='grc' dir='ltr'><strong><em>τούς</em></strong></span> <span class='ocrx_word' id='word_1_105' title='bbox 646 2015 849 2104; x_wconf 84' lang='grc' dir='ltr'><strong><em>γράφοντας,</em></strong></span> <span class='ocrx_word' id='word_1_106' title='bbox 868 2010 919 2086; x_wconf 70' lang='grc' dir='ltr'><strong><em>οἷν</em></strong></span> <span class='ocrx_word' id='word_1_107' title='bbox 934 2020 1003 2085; x_wconf 90' lang='grc' dir='ltr'><strong><em>ἐστι</em></strong></span> <span class='ocrx_word' id='word_1_108' title='bbox 1019 2018 1074 2083; x_wconf 78' lang='grc' dir='ltr'><strong><em>καί</em></strong></span> <span class='ocrx_word' id='word_1_109' title='bbox 1089 2014 1198 2100; x_wconf 85' lang='grc' dir='ltr'><strong><em>Ζηνό·</em></strong></span> 
     </span>
     <span class='ocr_line' id='line_1_16' title="bbox 86 2107 1198 2209; baseline 0.004 -28"><span class='ocrx_word' id='word_1_110' title='bbox 86 2118 194 2201; x_wconf 86' lang='grc' dir='ltr'><strong><em>δοτος,</em></strong></span> <span class='ocrx_word' id='word_1_111' title='bbox 217 2107 342 2186; x_wconf 69' lang='lat' dir='ltr'><strong>titios</strong></span> <span class='ocrx_word' id='word_1_112' title='bbox 365 2123 460 2205; x_wconf 82' lang='grc' dir='ltr'><strong><em>μέν,</em></strong></span> <span class='ocrx_word' id='word_1_113' title='bbox 480 2116 503 2205; x_wconf 77' lang='grc' dir='ltr'><em>ἢ</em></span> <span class='ocrx_word' id='word_1_114' title='bbox 524 2114 681 2198; x_wconf 75' lang='grc' dir='ltr'><strong><em>καὶτοὺς</em></strong></span> <span class='ocrx_word' id='word_1_115' title='bbox 703 2116 863 2187; x_wconf 78' lang='grc' dir='ltr'><strong><em>ὁπωσοῦν</em></strong></span> <span class='ocrx_word' id='word_1_116' title='bbox 884 2120 1115 2209; x_wconf 80' lang='grc' dir='ltr'><strong><em>βουλομένους</em></strong></span> <span class='ocrx_word' id='word_1_117' title='bbox 1136 2122 1198 2185; x_wconf 87' lang='grc' dir='ltr'><strong><em>δα-</em></strong></span> 
     </span>
     <span class='ocr_line' id='line_1_17' title="bbox 85 2216 1197 2309; baseline 0.006 -27"><span class='ocrx_word' id='word_1_118' title='bbox 85 2216 213 2285; x_wconf 85' lang='grc' dir='ltr'><strong><em>σάνειν.</em></strong></span> <span class='ocrx_word' id='word_1_119' title='bbox 234 2222 303 2286; x_wconf 89' lang='grc' dir='ltr'><strong><em>ἐστι</em></strong></span> <span class='ocrx_word' id='word_1_120' title='bbox 326 2217 390 2306; x_wconf 90' lang='grc' dir='ltr'><strong><em>γάρ</em></strong></span> <span class='ocrx_word' id='word_1_121' title='bbox 409 2216 427 2287; x_wconf 88' lang='grc' dir='ltr'>ὁ</span> <span class='ocrx_word' id='word_1_122' title='bbox 443 2217 582 2309; x_wconf 82' lang='grc' dir='ltr'><strong><em>ποιητὴς</em></strong></span> <span class='ocrx_word' id='word_1_123' title='bbox 596 2218 936 2304; x_wconf 78' lang='grc' dir='ltr'><strong><em>παραλειπτικόςτοῖν</em></strong></span> <span class='ocrx_word' id='word_1_124' title='bbox 951 2219 1104 2307; x_wconf 82' lang='grc' dir='ltr'><strong><em>άρδριυν.</em></strong></span> <span class='ocrx_word' id='word_1_125' title='bbox 1124 2224 1197 2289; x_wconf 91' lang='lat' dir='ltr'><strong><em>AB.</em></strong></span> 
     </span>
     <span class='ocr_line' id='line_1_18' title="bbox 84 2321 1195 2412; baseline 0.005 -26"><span class='ocrx_word' id='word_1_126' title='bbox 84 2321 271 2387; x_wconf 83' lang='lat' dir='ltr'><strong>Aristonico</strong></span> <span class='ocrx_word' id='word_1_127' title='bbox 282 2323 556 2391; x_wconf 81' lang='lat' dir='ltr'><strong>Friodlasndorus</strong></span> <span class='ocrx_word' id='word_1_128' title='bbox 574 2324 690 2389; x_wconf 77' lang='lat' dir='ltr'><strong>tribuit</strong></span> <span class='ocrx_word' id='word_1_129' title='bbox 704 2334 803 2407; x_wconf 84' lang='lat' dir='ltr'><strong>recto,</strong></span> <span class='ocrx_word' id='word_1_130' title='bbox 820 2326 1028 2391; x_wconf 78' lang='lat' dir='ltr'><strong>Duontzsrus</strong></span> <span class='ocrx_word' id='word_1_131' title='bbox 1040 2325 1195 2412; x_wconf 88' lang='lat' dir='ltr'><strong>Didymo.</strong></span> 
     </span>
    </p>

    <p class='ocr_par' dir='ltr' id='par_1_8' title="bbox 168 2419 1096 2512">
     <span class='ocr_line' id='line_1_19' title="bbox 168 2419 1096 2512; baseline 0.002 -24"><span class='ocrx_word' id='word_1_132' title='bbox 168 2427 219 2489; x_wconf 98' lang='grc'><strong>32.</strong></span> <span class='ocrx_word' id='word_1_133' title='bbox 241 2419 350 2503; x_wconf 80' lang='grc' dir='ltr'><strong><em>οὕτως</em></strong></span> <span class='ocrx_word' id='word_1_134' title='bbox 366 2421 576 2512; x_wconf 84' lang='grc' dir='ltr'><strong><em>Ἀρίσταρχος</em></strong></span> <span class='ocrx_word' id='word_1_135' title='bbox 595 2421 651 2491; x_wconf 82' lang='grc' dir='ltr'><strong><em>διὰ</em></strong></span> <span class='ocrx_word' id='word_1_136' title='bbox 675 2430 737 2490; x_wconf 82' lang='grc' dir='ltr'><strong><em>τοῦ</em></strong></span> <span class='ocrx_word' id='word_1_137' title='bbox 758 2451 780 2491; x_wconf 95' lang='grc' dir='ltr'><strong><em>ν</em></strong></span> <span class='ocrx_word' id='word_1_138' title='bbox 802 2420 1032 2510; x_wconf 78' lang='grc' dir='ltr'><strong><em>ἀνστήσων.</em></strong></span> <span class='ocrx_word' id='word_1_139' title='bbox 1055 2426 1096 2491; x_wconf 91' lang='grc' dir='ltr'><strong>Α.</strong></span> 
     </span>
    </p>

    <p class='ocr_par' dir='ltr' id='par_1_9' title="bbox 85 2521 1198 2707">
     <span class='ocr_line' id='line_1_20' title="bbox 165 2521 1198 2614; baseline 0.001 -23"><span class='ocrx_word' id='word_1_140' title='bbox 165 2528 216 2592; x_wconf 87' lang='grc'><strong>38.</strong></span> <span class='ocrx_word' id='word_1_141' title='bbox 236 2521 489 2612; x_wconf 80' lang='grc' dir='ltr'><strong><em>ὀτρύνεις-</em></strong></span> <span class='ocrx_word' id='word_1_142' title='bbox 504 2528 713 2614; x_wconf 85' lang='grc' dir='ltr'><strong><em>διηρημένας</em></strong></span> <span class='ocrx_word' id='word_1_143' title='bbox 735 2528 772 2591; x_wconf 92' lang='grc' dir='ltr'><strong><em>αί</em></strong></span> <span class='ocrx_word' id='word_1_144' title='bbox 779 2521 990 2609; x_wconf 86' lang='grc' dir='ltr'><strong><em>Ἀρίσταρχος</em></strong></span> <span class='ocrx_word' id='word_1_145' title='bbox 1011 2524 1048 2591; x_wconf 91' lang='grc' dir='ltr'><strong>τό</strong></span> <span class='ocrx_word' id='word_1_146' title='bbox 1070 2523 1198 2609; x_wconf 88' lang='grc' dir='ltr'><strong><em>ὀτρυ-</em></strong></span> 
     </span>
     <span class='ocr_line' id='line_1_21' title="bbox 85 2629 278 2707; baseline 0.005 -14"><span class='ocrx_word' id='word_1_147' title='bbox 85 2630 205 2707; x_wconf 88' lang='grc' dir='ltr'><strong><em>νίεις.</em></strong></span> <span class='ocrx_word' id='word_1_148' title='bbox 235 2629 278 2694; x_wconf 91' lang='lat' dir='ltr'><strong><em>A.</em></strong></span> 
     </span>
    </p>

    <p class='ocr_par' dir='ltr' id='par_1_10' title="bbox 168 2723 1196 2817">
     <span class='ocr_line' id='line_1_22' title="bbox 168 2723 1196 2817; baseline 0.001 -22"><span class='ocrx_word' id='word_1_149' title='bbox 168 2736 220 2796; x_wconf 95' lang='grc'><strong>41.</strong></span> <span class='ocrx_word' id='word_1_150' title='bbox 268 2732 405 2798; x_wconf 82' lang='grc' dir='ltr'><strong><em>ἐσται·</em></strong></span> <span class='ocrx_word' id='word_1_151' title='bbox 436 2727 602 2816; x_wconf 77' lang='grc' dir='ltr'><strong><em>γράφεται</em></strong></span> <span class='ocrx_word' id='word_1_152' title='bbox 630 2731 761 2813; x_wconf 87' lang='grc' dir='ltr'><strong><em>ἐστίν,</em></strong></span> <span class='ocrx_word' id='word_1_153' title='bbox 793 2731 849 2795; x_wconf 79' lang='grc' dir='ltr'><strong><em>καὶ</em></strong></span> <span class='ocrx_word' id='word_1_154' title='bbox 873 2728 911 2794; x_wconf 85' lang='grc' dir='ltr'><strong><em>ἐν</em></strong></span> <span class='ocrx_word' id='word_1_155' title='bbox 933 2723 1023 2817; x_wconf 80' lang='grc' dir='ltr'><strong><em>άίλφ</em></strong></span> <span class='ocrx_word' id='word_1_156' title='bbox 1050 2736 1120 2814; x_wconf 86' lang='grc' dir='ltr'><strong><em>είη.</em></strong></span> <span class='ocrx_word' id='word_1_157' title='bbox 1155 2733 1196 2796; x_wconf 88' lang='lat' dir='ltr'><strong><em>A.</em></strong></span> 
     </span>
    </p>

    <p class='ocr_par' dir='ltr' id='par_1_11' title="bbox 82 2826 1195 3023">
     <span class='ocr_line' id='line_1_23' title="bbox 167 2826 1195 2920; baseline -0.004 -17"><span class='ocrx_word' id='word_1_158' title='bbox 167 2841 219 2903; x_wconf 85' lang='grc'><strong>46.</strong></span> <span class='ocrx_word' id='word_1_159' title='bbox 251 2830 348 2920; x_wconf 74' lang='grc' dir='ltr'><strong><em>θῆχ’</em></strong></span> <span class='ocrx_word' id='word_1_160' title='bbox 379 2837 583 2919; x_wconf 82' lang='grc' dir='ltr'><strong><em>ίεροῐσιν·</em></strong></span> <span class='ocrx_word' id='word_1_161' title='bbox 618 2835 656 2899; x_wconf 91' lang='grc' dir='ltr'><strong><em>ἐν</em></strong></span> <span class='ocrx_word' id='word_1_162' title='bbox 678 2851 744 2898; x_wconf 92' lang='grc' dir='ltr'><strong><em>τισι</em></strong></span> <span class='ocrx_word' id='word_1_163' title='bbox 761 2833 831 2897; x_wconf 80' lang='grc' dir='ltr'><strong><em>τῶν</em></strong></span> <span class='ocrx_word' id='word_1_164' title='bbox 851 2826 1103 2917; x_wconf 80' lang='grc' dir='ltr'><strong><em>ὑπομνημάτων</em></strong></span> <span class='ocrx_word' id='word_1_165' title='bbox 1124 2829 1195 2919; x_wconf 74' lang='grc' dir='ltr'><strong><em>τίχ’</em></strong></span> 
     </span>
     <span class='ocr_line' id='line_1_24' title="bbox 82 2930 755 3023; baseline -0.009 -18"><span class='ocrx_word' id='word_1_166' title='bbox 82 2942 286 3023; x_wconf 83' lang='grc' dir='ltr'><strong><em>ίεροίσιν,</em></strong></span> <span class='ocrx_word' id='word_1_167' title='bbox 305 2930 442 3014; x_wconf 77' lang='grc' dir='ltr'><strong><em>ὁΊξίων</em></strong></span> <span class='ocrx_word' id='word_1_168' title='bbox 464 2937 536 3001; x_wconf 87' lang='grc' dir='ltr'><strong><em>ἐστί</em></strong></span> <span class='ocrx_word' id='word_1_169' title='bbox 556 2931 689 3020; x_wconf 83' lang='grc' dir='ltr'><strong><em>γράφει.</em></strong></span> <span class='ocrx_word' id='word_1_170' title='bbox 714 2936 755 2999; x_wconf 88' lang='lat' dir='ltr'><strong><em>A.</em></strong></span> 
     </span>
    </p>

    <p class='ocr_par' dir='ltr' id='par_1_12' title="bbox 84 3029 1196 3229">
     <span class='ocr_line' id='line_1_25' title="bbox 166 3029 1196 3129; baseline 0.002 -24"><span class='ocrx_word' id='word_1_171' title='bbox 166 3044 217 3106; x_wconf 92' lang='grc'><strong>48.</strong></span> <span class='ocrx_word' id='word_1_172' title='bbox 241 3035 278 3105; x_wconf 86' lang='grc' dir='ltr'><strong><em>τὸ</em></strong></span> <span class='ocrx_word' id='word_1_173' title='bbox 300 3038 336 3106; x_wconf 77' lang='grc' dir='ltr'><strong><em>δέ</em></strong></span> <span class='ocrx_word' id='word_1_174' title='bbox 354 3034 411 3105; x_wconf 86' lang='grc' dir='ltr'><strong><em>ἐπ’</em></strong></span> <span class='ocrx_word' id='word_1_175' title='bbox 431 3033 555 3123; x_wconf 81' lang='grc' dir='ltr'><strong><em>ἤματι</em></strong></span> <span class='ocrx_word' id='word_1_176' title='bbox 571 3033 782 3123; x_wconf 88' lang='grc' dir='ltr'><strong><em>Ἀρίσταρχος</em></strong></span> <span class='ocrx_word' id='word_1_177' title='bbox 794 3029 851 3101; x_wconf 88' lang='grc' dir='ltr'><strong><em>διά</em></strong></span> <span class='ocrx_word' id='word_1_178' title='bbox 862 3039 925 3100; x_wconf 78' lang='grc' dir='ltr'><strong><em>τοῦ</em></strong></span> <span class='ocrx_word' id='word_1_179' title='bbox 938 3059 970 3122; x_wconf 79' lang='grc' dir='ltr'><strong><em>ν,</em></strong></span> <span class='ocrx_word' id='word_1_180' title='bbox 992 3037 1036 3104; x_wconf 88' lang='grc' dir='ltr'><strong><em>ἐν</em></strong></span> <span class='ocrx_word' id='word_1_181' title='bbox 1052 3034 1196 3129; x_wconf 83' lang='grc' dir='ltr'><strong><em>ἤματι,</em></strong></span> 
     </span>
     <span class='ocr_line' id='line_1_26' title="bbox 84 3135 896 3229; baseline -0.005 -22"><span class='ocrx_word' id='word_1_182' title='bbox 84 3137 208 3225; x_wconf 86' lang='grc' dir='ltr'><strong><em>ὁμοίως</em></strong></span> <span class='ocrx_word' id='word_1_183' title='bbox 229 3144 276 3229; x_wconf 76' lang='grc' dir='ltr'><strong><em>τῷ</em></strong></span> <span class='ocrx_word' id='word_1_184' title='bbox 300 3141 399 3226; x_wconf 64' lang='grc' dir='ltr'><strong><em>’μηνί</em></strong></span> <span class='ocrx_word' id='word_1_185' title='bbox 420 3136 452 3206; x_wconf 89' lang='grc' dir='ltr'><strong><em>δ’</em></strong></span> <span class='ocrx_word' id='word_1_186' title='bbox 477 3140 515 3206; x_wconf 90' lang='grc' dir='ltr'><strong><em>ἐν</em></strong></span> <span class='ocrx_word' id='word_1_187' title='bbox 536 3135 644 3228; x_wconf 79' lang='grc' dir='ltr'><strong><em>οά1ῳ’</em></strong></span> <span class='ocrx_word' id='word_1_188' title='bbox 669 3142 710 3226; x_wconf 87' lang='grc' dir='ltr'><strong><em>(Β</em></strong></span> <span class='ocrx_word' id='word_1_189' title='bbox 735 3141 784 3222; x_wconf 84' lang='grc'><strong><em>24,</em></strong></span> <span class='ocrx_word' id='word_1_190' title='bbox 811 3140 896 3227; x_wconf 83' lang='grc'><strong>118).</strong></span> 
     </span>
    </p>

    <p class='ocr_par' dir='ltr' id='par_1_13' title="bbox 83 3237 1196 3534">
     <span class='ocr_line' id='line_1_27' title="bbox 165 3237 1196 3327; baseline 0.004 -20"><span class='ocrx_word' id='word_1_191' title='bbox 165 3248 217 3308; x_wconf 93' lang='grc'><strong>51.</strong></span> <span class='ocrx_word' id='word_1_192' title='bbox 239 3246 291 3309; x_wconf 90' lang='grc'><strong>52.</strong></span> <span class='ocrx_word' id='word_1_193' title='bbox 326 3237 740 3327; x_wconf 81' lang='grc' dir='ltr'><strong><em>άδετοῦνται-δοίιχόν.</em></strong></span> <span class='ocrx_word' id='word_1_194' title='bbox 781 3243 998 3309; x_wconf 80' lang='lat' dir='ltr'><strong><em>Aristonicus.</em></strong></span> <span class='ocrx_word' id='word_1_195' title='bbox 1032 3245 1085 3310; x_wconf 76' lang='grc' dir='ltr'><strong><em>καί</em></strong></span> <span class='ocrx_word' id='word_1_196' title='bbox 1108 3241 1196 3327; x_wconf 85' lang='grc' dir='ltr'><strong><em>Ἀρι-</em></strong></span> 
     </span>
     <span class='ocr_line' id='line_1_28' title="bbox 85 3341 1196 3433; baseline 0.001 -23"><span class='ocrx_word' id='word_1_197' title='bbox 85 3341 257 3429; x_wconf 88' lang='grc' dir='ltr'><strong><em>στοφάνης</em></strong></span> <span class='ocrx_word' id='word_1_198' title='bbox 278 3345 469 3429; x_wconf 78' lang='grc' dir='ltr'><strong><em>τροηθέτει.</em></strong></span> <span class='ocrx_word' id='word_1_199' title='bbox 494 3346 670 3433; x_wconf 86' lang='lat' dir='ltr'><strong>Didymus.</strong></span> <span class='ocrx_word' id='word_1_200' title='bbox 702 3344 755 3411; x_wconf 78' lang='lat' dir='ltr'><strong>Of.</strong></span> <span class='ocrx_word' id='word_1_201' title='bbox 779 3348 808 3410; x_wconf 86' lang='grc' dir='ltr'>Θ</span> <span class='ocrx_word' id='word_1_202' title='bbox 828 3349 901 3411; x_wconf 90' lang='grc'><strong>371.</strong></span> <span class='ocrx_word' id='word_1_203' title='bbox 926 3348 945 3409; x_wconf 88' lang='grc'><strong>2</strong></span> <span class='ocrx_word' id='word_1_204' title='bbox 966 3346 1196 3412; x_wconf 78' lang='lat' dir='ltr'><strong>Friedlssndo</strong></span> 
     </span>
     <span class='ocr_line' id='line_1_29' title="bbox 83 3447 628 3534; baseline -0.002 -22"><span class='ocrx_word' id='word_1_205' title='bbox 83 3469 140 3512; x_wconf 85' lang='lat' dir='ltr'><strong><em>rus</em></strong></span> <span class='ocrx_word' id='word_1_206' title='bbox 164 3469 197 3534; x_wconf 91' lang='lat' dir='ltr'><strong>p.</strong></span> <span class='ocrx_word' id='word_1_207' title='bbox 219 3449 278 3511; x_wconf 89' lang='grc'><strong><em>172</em></strong></span> <span class='ocrx_word' id='word_1_208' title='bbox 297 3447 485 3513; x_wconf 80' lang='lat' dir='ltr'><strong>Aristonico</strong></span> <span class='ocrx_word' id='word_1_209' title='bbox 503 3447 628 3513; x_wconf 83' lang='lat' dir='ltr'><strong>tribuit.</strong></span> 
     </span>
    </p>

    <p class='ocr_par' dir='ltr' id='par_1_14' title="bbox 166 3544 989 3634">
     <span class='ocr_line' id='line_1_30' title="bbox 166 3544 989 3634; baseline 0 -21"><span class='ocrx_word' id='word_1_210' title='bbox 166 3554 218 3613; x_wconf 90' lang='grc'><strong>54.</strong></span> <span class='ocrx_word' id='word_1_211' title='bbox 238 3547 303 3614; x_wconf 78' lang='grc' dir='ltr'><strong><em>ἐπί</em></strong></span> <span class='ocrx_word' id='word_1_212' title='bbox 322 3553 439 3632; x_wconf 80' lang='grc' dir='ltr'><strong><em>νῆας·</em></strong></span> <span class='ocrx_word' id='word_1_213' title='bbox 458 3544 669 3634; x_wconf 87' lang='grc' dir='ltr'><strong><em>Ἀρίσταρχος</em></strong></span> <span class='ocrx_word' id='word_1_214' title='bbox 687 3544 796 3631; x_wconf 50' lang='grc' dir='ltr'><strong><em>παράἸ</em></strong></span> <span class='ocrx_word' id='word_1_215' title='bbox 811 3553 925 3633; x_wconf 77' lang='grc' dir='ltr'><strong><em>νῆας.</em></strong></span> <span class='ocrx_word' id='word_1_216' title='bbox 948 3551 989 3614; x_wconf 93' lang='lat' dir='ltr'><strong><em>A.</em></strong></span> 
     </span>
    </p>

    <p class='ocr_par' dir='ltr' id='par_1_15' title="bbox 168 3646 1006 3735">
     <span class='ocr_line' id='line_1_31' title="bbox 168 3646 1006 3735; baseline 0.001 -20"><span class='ocrx_word' id='word_1_217' title='bbox 168 3655 220 3716; x_wconf 90' lang='grc'><strong>79.</strong></span> <span class='ocrx_word' id='word_1_218' title='bbox 243 3649 469 3732; x_wconf 75' lang='grc' dir='ltr'><strong><em>ἐπίτραπε·</em></strong></span> <span class='ocrx_word' id='word_1_219' title='bbox 489 3646 701 3735; x_wconf 86' lang='grc' dir='ltr'><strong><em>Ἀρίσταρχος</em></strong></span> <span class='ocrx_word' id='word_1_220' title='bbox 723 3651 941 3733; x_wconf 82' lang='grc' dir='ltr'><strong><em>ἐπίτρεπε.</em></strong></span> <span class='ocrx_word' id='word_1_221' title='bbox 965 3651 1006 3716; x_wconf 89' lang='lat' dir='ltr'><strong><em>A.</em></strong></span> 
     </span>
    </p>

    <p class='ocr_par' dir='ltr' id='par_1_16' title="bbox 167 3746 1193 3839">
     <span class='ocr_line' id='line_1_32' title="bbox 167 3746 1193 3839; baseline -0.002 -24"><span class='ocrx_word' id='word_1_222' title='bbox 167 3753 252 3839; x_wconf 84' lang='grc'><strong>[115.</strong></span> <span class='ocrx_word' id='word_1_223' title='bbox 272 3755 404 3832; x_wconf 85' lang='grc' dir='ltr'><strong><em>είπερ·</em></strong></span> <span class='ocrx_word' id='word_1_224' title='bbox 417 3746 525 3828; x_wconf 82' lang='grc' dir='ltr'><strong><em>οὕτως</em></strong></span> <span class='ocrx_word' id='word_1_225' title='bbox 537 3752 573 3815; x_wconf 88' lang='grc' dir='ltr'><strong><em>αί</em></strong></span> <span class='ocrx_word' id='word_1_226' title='bbox 581 3746 829 3835; x_wconf 87' lang='grc' dir='ltr'><strong><em>Ἀριστάρχειοι.</em></strong></span> <span class='ocrx_word' id='word_1_227' title='bbox 851 3749 938 3826; x_wconf 81' lang='grc' dir='ltr'><strong><em>τινές</em></strong></span> <span class='ocrx_word' id='word_1_228' title='bbox 952 3749 988 3814; x_wconf 74' lang='lat' dir='ltr'><strong><em>or</em></strong></span> <span class='ocrx_word' id='word_1_229' title='bbox 1001 3754 1124 3815; x_wconf 86' lang='grc' dir='ltr'><strong><em>είκαί.</em></strong></span> <span class='ocrx_word' id='word_1_230' title='bbox 1139 3751 1193 3839; x_wconf 82' lang='lat' dir='ltr'><strong><em>V.]</em></strong></span> 
     </span>
    </p>

    <p class='ocr_par' dir='ltr' id='par_1_17' title="bbox 79 3845 1196 4037">
     <span class='ocr_line' id='line_1_33' title="bbox 131 3845 1196 3935; baseline -0.001 -18"><span class='ocrx_word' id='word_1_231' title='bbox 131 3884 148 3896; x_wconf 83' lang='grc'><strong><em>··</em></strong></span> <span class='ocrx_word' id='word_1_232' title='bbox 163 3856 234 3917; x_wconf 87' lang='grc'><strong>124.</strong></span> <span class='ocrx_word' id='word_1_233' title='bbox 254 3845 393 3929; x_wconf 76' lang='grc' dir='ltr'><strong><em>ὁἸξίων</em></strong></span> <span class='ocrx_word' id='word_1_234' title='bbox 414 3846 501 3934; x_wconf 82' lang='grc' dir='ltr'><strong><em>μέγ’</em></strong></span> <span class='ocrx_word' id='word_1_235' title='bbox 526 3850 744 3934; x_wconf 79' lang='grc' dir='ltr'><strong><em>ἐπέγρετο·</em></strong></span> <span class='ocrx_word' id='word_1_236' title='bbox 766 3850 821 3914; x_wconf 80' lang='grc' dir='ltr'><strong><em>καὶ</em></strong></span> <span class='ocrx_word' id='word_1_237' title='bbox 841 3847 968 3932; x_wconf 79' lang='grc' dir='ltr'><strong><em>μήποτε</em></strong></span> <span class='ocrx_word' id='word_1_238' title='bbox 985 3845 1006 3935; x_wconf 82' lang='grc' dir='ltr'>ἡ</span> <span class='ocrx_word' id='word_1_239' title='bbox 1021 3848 1196 3934; x_wconf 89' lang='grc' dir='ltr'><strong><em>Ἀριστάρ-</em></strong></span> 
     </span>
     <span class='ocr_line' id='line_1_34' title="bbox 79 3947 488 4037; baseline -0.007 -17"><span class='ocrx_word' id='word_1_240' title='bbox 79 3976 168 4036; x_wconf 89' lang='grc' dir='ltr'><strong><em>χειος</em></strong></span> <span class='ocrx_word' id='word_1_241' title='bbox 190 3948 299 4030; x_wconf 80' lang='grc' dir='ltr'><strong><em>οὕτως</em></strong></span> <span class='ocrx_word' id='word_1_242' title='bbox 322 3947 419 4037; x_wconf 77' lang='grc' dir='ltr'><strong><em>εἶχεν.</em></strong></span> <span class='ocrx_word' id='word_1_243' title='bbox 447 3953 488 4018; x_wconf 92' lang='grc' dir='ltr'><strong>Α.</strong></span> 
     </span>
    </p>

    <p class='ocr_par' dir='ltr' id='par_1_18' title="bbox 166 4047 1195 4141">
     <span class='ocr_line' id='line_1_35' title="bbox 166 4047 1195 4141; baseline 0.003 -22"><span class='ocrx_word' id='word_1_244' title='bbox 166 4057 236 4120; x_wconf 90' lang='grc'><strong>127.</strong></span> <span class='ocrx_word' id='word_1_245' title='bbox 261 4052 532 4139; x_wconf 77' lang='grc' dir='ltr'><strong><em>ήγερίεσδαι·</em></strong></span> <span class='ocrx_word' id='word_1_246' title='bbox 557 4048 613 4119; x_wconf 81' lang='grc' dir='ltr'><strong><em>διὰ</em></strong></span> <span class='ocrx_word' id='word_1_247' title='bbox 634 4055 698 4120; x_wconf 80' lang='grc' dir='ltr'><strong><em>τοῦ</em></strong></span> <span class='ocrx_word' id='word_1_248' title='bbox 713 4059 740 4118; x_wconf 78' lang='grc' dir='ltr'><em>θ</em></span> <span class='ocrx_word' id='word_1_249' title='bbox 756 4053 794 4117; x_wconf 87' lang='grc' dir='ltr'><strong><em>αί</em></strong></span> <span class='ocrx_word' id='word_1_250' title='bbox 805 4047 1023 4138; x_wconf 87' lang='grc' dir='ltr'><strong><em>Ἀριστάρχου</em></strong></span> <span class='ocrx_word' id='word_1_251' title='bbox 1046 4050 1195 4141; x_wconf 78' lang='grc' dir='ltr'><strong><em>ἠγερέ-</em></strong></span> 
     </span>
    </p>

    <p class='ocr_par' dir='ltr' id='par_1_19' title="bbox 76 4158 313 4223">
     <span class='ocr_line' id='line_1_36' title="bbox 76 4158 313 4223; baseline -0.004 -1"><span class='ocrx_word' id='word_1_252' title='bbox 76 4164 245 4223; x_wconf 74' lang='grc' dir='ltr'><strong><em>θεσθαι.</em></strong></span> <span class='ocrx_word' id='word_1_253' title='bbox 271 4158 313 4222; x_wconf 93' lang='lat' dir='ltr'><strong><em>A.</em></strong></span> 
     </span>
    </p>
   </div>
   <div class='ocr_carea' id='block_1_4' title="bbox 164 4254 1067 4447">
    <p class='ocr_par' dir='ltr' id='par_1_20' title="bbox 164 4254 1067 4447">
     <span class='ocr_line' id='line_1_37' title="bbox 164 4254 740 4337; baseline 0.007 -15"><span class='ocrx_word' id='word_1_254' title='bbox 164 4262 233 4324; x_wconf 90' lang='grc'><strong>129.</strong></span> <span class='ocrx_word' id='word_1_255' title='bbox 253 4260 315 4337; x_wconf 80' lang='grc' dir='ltr'><strong><em>ἐξω</em></strong></span> <span class='ocrx_word' id='word_1_256' title='bbox 337 4262 400 4324; x_wconf 80' lang='grc' dir='ltr'><strong><em>τοῦ</em></strong></span> <span class='ocrx_word' id='word_1_257' title='bbox 422 4282 441 4323; x_wconf 89' lang='grc' dir='ltr'><strong><em>τ</em></strong></span> <span class='ocrx_word' id='word_1_258' title='bbox 461 4254 514 4324; x_wconf 78' lang='grc' dir='ltr'><strong><em>οὔ</em></strong></span> <span class='ocrx_word' id='word_1_259' title='bbox 535 4262 599 4336; x_wconf 89' lang='grc' dir='ltr'><strong><em>τίς</em></strong></span> <span class='ocrx_word' id='word_1_260' title='bbox 620 4261 670 4325; x_wconf 89' lang='grc' dir='ltr'><strong><em>οί.</em></strong></span> <span class='ocrx_word' id='word_1_261' title='bbox 699 4262 740 4326; x_wconf 91' lang='grc' dir='ltr'><strong>Α.</strong></span> 
     </span>
     <span class='ocr_line' id='line_1_38' title="bbox 165 4356 1067 4447; baseline 0.008 -25"><span class='ocrx_word' id='word_1_262' title='bbox 165 4361 234 4423; x_wconf 86' lang='grc'><strong>130.</strong></span> <span class='ocrx_word' id='word_1_263' title='bbox 258 4359 357 4443; x_wconf 77' lang='grc' dir='ltr'><strong><em>χωρίς</em></strong></span> <span class='ocrx_word' id='word_1_264' title='bbox 375 4366 437 4426; x_wconf 82' lang='grc' dir='ltr'><strong><em>τοῦ</em></strong></span> <span class='ocrx_word' id='word_1_265' title='bbox 459 4378 480 4426; x_wconf 87' lang='grc' dir='ltr'><strong><em>σ</em></strong></span> <span class='ocrx_word' id='word_1_266' title='bbox 500 4362 728 4447; x_wconf 79' lang='grc' dir='ltr'><strong><em>ἐποτρύνει</em></strong></span> <span class='ocrx_word' id='word_1_267' title='bbox 749 4361 818 4427; x_wconf 77' lang='grc' dir='ltr'><strong><em>καί</em></strong></span> <span class='ocrx_word' id='word_1_268' title='bbox 838 4356 1002 4445; x_wconf 78' lang='grc' dir='ltr'><strong><em>άνοίγει.</em></strong></span> <span class='ocrx_word' id='word_1_269' title='bbox 1026 4365 1067 4429; x_wconf 91' lang='lat' dir='ltr'><strong><em>A.</em></strong></span> 
     </span>
    </p>
   </div>
   <div class='ocr_carea' id='block_1_5' title="bbox 0 0 1478 5024">
    <p class='ocr_par' dir='ltr' id='par_1_21' title="bbox 0 0 1478 5024">
     <span class='ocr_line' id='line_1_39' title="bbox 0 0 1478 5024; baseline 0 2"><span class='ocrx_word' id='word_1_270' title='bbox 0 0 1478 5024; x_wconf 95' lang='lat' dir='ltr'><strong><em> </em></strong></span> 
     </span>
    </p>
   </div>
  </div>
 </body>
</html>
