2948 5024
267 421 326 480 140
715 459 757 467 -
802 424 836 485 Κ
875 460 917 469 -

347 593 418 654 146.
438 583 522 654 ἀλλ’
536 588 652 655 ἕπευ·
672 580 884 673 Ἀρίσταρχος
895 588 993 675 χωρίς
1005 593 1067 656 τοῦ
1078 615 1112 675 ν,
1127 586 1214 658 ἀλλ’
1227 586 1323 656 ἕπε’.
1336 593 1379 656 A.

353 695 421 756 153.
454 691 491 756 ἐν
521 695 562 779 τή
587 685 866 776 Ἀριστοφάνους·
910 700 1187 779 σανρωτήρας
1219 699 1381 780 πληθυν-

263 796 372 869 τικῶς.
397 793 438 858 Α.

349 898 420 960 159.
442 897 543 979 διχως
563 887 582 959 ό
602 888 814 979 Ἀρίσταρχος
835 896 958 979 ἔγρεο
978 898 1032 962 ιιαλ
1054 890 1191 979 ὄρσεο.
1211 899 1253 963 A.

348 1000 418 1062 161.
448 991 589 1081 ὀλίγος
617 991 649 1061 δ’
677 998 752 1062 ἔτι·
784 993 841 1063 διᾶ
869 1001 931 1062 τοῦ
953 1022 986 1082 ε,
1019 993 1162 1082 ὀλίγος
1191 1000 1236 1065 δέ
1263 1024 1304 1065 τε
1345 1003 1383 1067 αί

262 1094 511 1185 Ἀριστάρχειοι.
528 1121 581 1182 γρ.
595 1090 853 1182 δὲκαλόλίγος
869 1092 901 1164 δ’
921 1092 998 1165 άπὸ
1017 1103 1149 1184 χόρος
1166 1100 1314 1186 ἐέργει.
1334 1105 1376 1167 A.

352 1205 422 1266 169.
446 1202 585 1284 φίλος·
602 1192 847 1284 Ἀριστοφάνης
868 1201 994 1278 τίιιος.
1022 1201 1064 1266 A.

351 1307 421 1368 176.
442 1295 667 1385 ἄνστησον·
691 1295 799 1378 οὕτως
820 1295 877 1368 διά
898 1306 961 1367 τοῦ
976 1326 997 1387 η
1015 1296 1230 1388 ἄνστησον
1246 1301 1380 1391 αίἈρι-

265 1402 422 1489 στάρχον.
453 1404 494 1468 A.
1269 1437 1271 1439 ·
1321 1488 1331 1496 Ι

350 1507 423 1569 225.
445 1509 562 1588 είπερ
584 1526 640 1569 τε·
668 1497 700 1591 [ἡ
722 1504 840 1587 διπλῆ,
870 1497 934 1590 ότι]
957 1496 1166 1589 Ἀρίσταρχος
1187 1515 1306 1592 εἴπερ
1328 1535 1378 1595 τι,

266 1606 320 1671 καί
348 1607 383 1671 οί
404 1601 468 1671 άπὸ
497 1609 556 1690 τής
583 1609 713 1689 σχολῆς.
750 1606 791 1670 A.
835 1605 968 1672 Inclusa
992 1608 1121 1672 uncinis
1150 1608 1259 1675 alisna
1292 1622 1378 1677 sunt.

265 1709 318 1774 Of.
339 1713 374 1775 K
393 1713 453 1774 445
478 1708 638 1796 (Ariston.
661 1712 691 1772 A
713 1709 768 1792 72)
790 1707 904 1772 Lehrs.
928 1709 1031 1774 Arist.
1054 1732 1086 1795 p.
1111 1715 1147 1774 17
1167 1722 1234 1776 not.
1257 1713 1285 1776 ¹¹³.

350 1814 422 1876 240.
444 1805 671 1898 (ἄθετεῑται-
691 1802 760 1893 ήδὲ
773 1813 908 1895 διπλή)·
926 1805 1005 1876 οὐδὲ
1025 1810 1062 1876 ἐν
1075 1815 1115 1898 τή
1132 1810 1329 1896 Ζηνοδότου
1341 1813 1378 1879 δὲ

264 1903 318 1997 ήν.
330 1914 371 1977 A.
384 1911 573 1977 Novissima
583 1910 686 1976 visrba
697 1934 755 1977 our
766 1910 912 1998 Didymo
924 1913 1125 1979 vindicarem
1137 1914 1207 1980 dixi
1218 1915 1377 1980 adeam.

354 2017 427 2079 253.
459 2007 642 2099 (ἄθετείται
663 2019 740 2098 -)·
772 2011 962 2097 Ζηνόδοτος
989 2014 1026 2081 δὲ
1060 2015 1139 2104 (leg.
1166 2040 1239 2083 cum
1268 2018 1378 2083 Bekk.

269 2115 391 2180 Friedl.
417 2109 511 2199 οὐδὲ)
535 2115 702 2199 ἔγραφεν·
722 2108 964 2201 Ἀριστοφάνης
977 2112 1103 2201 ήθέτει.
1125 2120 1167 2184 A.

354 2219 427 2282 258.
450 2210 651 2300 ἄλλοφον·
668 2209 878 2301 Ἀρίσταρχος
899 2212 1068 2303 ἄλοφον.
1092 2220 1134 2284 A.

353 2321 426 2384 291.
467 2313 557 2383 οὕτω
582 2317 682 2404 χωρίς
713 2321 776 2383 τοῦ
802 2334 824 2382 σ
848 2322 1059 2404 παρίσταο
1090 2322 1127 2387 αί
1149 2315 1376 2408 Ἀριστάρχου.
1415 2339 1423 2359 ‘

268 2418 458 2506 Ζηνόδοτος
483 2422 683 2504 παρίσταο
710 2419 784 2485 ιιαί
814 2417 918 2504 πόρε
944 2426 1086 2501 κῦδος.
1129 2423 1230 2507 χωρίς
1257 2422 1296 2490 δὲ
1317 2430 1379 2492 τοῦ

269 2523 366 2590 σκαλ
388 2523 425 2587 αί
444 2524 579 2600 πλείους
601 2517 701 2607 εἶχον.
730 2522 773 2588 A.

354 2628 427 2691 306.
471 2619 579 2703 οὕτως
603 2619 812 2709 Ἀρίσταρχος
849 2625 985 2689 οἵκεν
1007 2619 1174 2708 ἄριστοι
1203 2628 1315 2694 ἔωσι·
1360 2624 1379 2694 ὁ

270 2728 307 2795 δὲ
334 2724 524 2813 Ζηνόδοτος
551 2721 710 2804 αότοός
737 2728 780 2790 ολ
811 2724 1044 2809 φορέουσιν
1071 2721 1265 2813 άμόμονα
1295 2736 1381 2815 Πη-

270 2835 436 2897 λείωνα.
456 2823 698 2912 Ἀριστοφάνης
717 2824 870 2903 ιιαλοός
891 2830 933 2892 οἳ
952 2828 1196 2911 φορέουσιν.
1220 2831 1262 2895 A.
1400 2823 1406 2831 ’

357 2935 431 2998 321.
454 2924 651 3013 ἄνάσχεο·
671 2924 728 2994 διὰ
750 2933 811 2994 τοῦ
830 2953 849 2994 ο
872 2929 909 2994 αί
923 2924 1149 3015 Ἀριστάρχου.
1170 2933 1212 2998 A.

353 3034 425 3098 332.
436 3024 545 3107 οὕτως
556 3030 611 3095 καί
622 3025 678 3096 διά
688 3034 749 3097 τοῦ
761 3055 777 3096 ε
788 3027 825 3097 τό
838 3026 1048 3116 ἐπώμοσεν
1060 3035 1096 3098 αί
1099 3030 1325 3119 Ἀριστάρχου.
1338 3039 1380 3103 A.

355 3136 428 3197 336.
452 3132 504 3197 Cf.
527 3154 612 3197 vers.
635 3135 708 3197 347.
1214 3192 1216 3199 ,

263 3318 265 3320 q
354 3238 427 3299 341.
460 3222 582 3310 οὗτός
600 3256 679 3298 τοι·
707 3228 917 3319 Ἀρίσταρχος
938 3223 1063 3314 οὗτός
1081 3257 1158 3314 τις·
1180 3229 1383 3322 ὡμολόγουν

273 3335 386 3401 καλαί
405 3335 551 3411 πλείους.
571 3336 626 3421 Α.,
645 3335 688 3401 ef.
712 3340 746 3401 Κ
765 3341 827 3401 477

356 3440 429 3502 343.
453 3437 841 3503 κατατεθνειιότων·
870 3433 1081 3523 Ἀρίσταρχος
1101 3438 1315 3523 τεθνηώτων.
1339 3443 1382 3507 A.

357 3541 430 3603 346.
450 3542 759 3624 παραφθαίησι·
783 3534 891 3617 οὕτως
916 3537 1036 3623 σχεδόν
1055 3541 1091 3605 αί
1110 3545 1224 3607 πάσαι.
1248 3544 1290 3607 A.

357 3645 429 3706 347.
465 3640 713 3728 (Aristonicus.)
739 3636 757 3706 ὁ
783 3639 821 3707 δὲ
840 3635 1050 3725 Ἀρίσταρχος
1072 3640 1136 3707 ἐπί
1156 3646 1276 3727 νῆας,
1310 3639 1385 3711 ἄντί

274 3747 336 3809 τοῦ
359 3741 456 3808 ποτί
477 3745 580 3827 νήας
602 3743 807 3831 (Didymus).
830 3744 872 3808 A.

357 3848 429 3910 349.
449 3837 501 3922 ός
516 3838 594 3929 ἄρα
605 3842 868 3929 φωνήσαντε·
885 3838 994 3921 οὕτως
1002 3838 1214 3930 Ἀρίσταρχος
1226 3846 1282 3911 ιιαλ
1292 3853 1386 3914 θαν-

272 3941 400 4030 μαστόν
415 3940 528 4031 οὐδέν,
545 3950 576 4013 εί
589 3940 774 4023 Ὀδυσσέως
792 3945 944 4022 εἰπόντος
959 3941 1068 4028 μόνον
1087 3945 1283 4032 συλλήβδην
1301 3950 1384 4033 ἔφη·

272 4042 318 4127 τός
339 4045 406 4130 ἄρα
424 4045 635 4133 φωνήσαντε.
656 4045 807 4131 σύνηθες
824 4042 888 4131 γάρ
905 4040 998 4133 αὐτῷ
1015 4043 1052 4112 τό
1072 4051 1216 4113 τοιοῦτο.
1241 4048 1279 4113 ἐν
1297 4054 1386 4132 γοῦν

273 4154 314 4237 τή
352 4154 593 4238 παραποταμίᾳ)
632 4144 719 4236 μάχη
751 4153 812 4214 τοῦ
844 4148 1059 4225 Ποσειδῶνος
1089 4147 1244 4228 εἰπόντος
1274 4148 1387 4233 μόνον

273 4254 370 4316 ετοίω
398 4248 461 4334 γάρ
487 4273 538 4316 τοι
564 4255 629 4317 voit
649 4255 743 4316 θεων
765 4244 978 4335 ἐπιταρρόθω
1001 4244 1092 4332 είμὲν
1113 4244 1222 4334 Ζηνός
1242 4249 1385 4335 ἐπαινή-
1456 4332 1459 4336 .

272 4360 411 4429 ααντος’
435 4350 584 4437 ἐπιφέρει
605 4348 670 4417 (τά
691 4348 755 4436 μὲν
780 4344 835 4436 ἄρ’
857 4344 904 4428 ός
931 4347 1064 4416 εἰπόντε
1090 4347 1162 4434 μετ’
1186 4346 1385 4434 ἀθανάτους
