2962 5018
1182 455 1244 516 299

135 629 220 716 qu.
250 629 311 690 702
336 628 522 710 ἐμποδίζων
553 621 688 708 ἰσχάδας
722 624 798 687 Ροο.
831 623 906 685 1081
935 615 1245 708 διακαν[κα]νιοὶσαι

136 729 210 794 coll.
233 737 274 792 et.
294 751 337 792 m.
361 731 440 809 267,
464 730 499 790 21
531 727 609 790 Pac.
639 728 718 789 1126
738 719 914 807 Ἐλύμνιον
936 723 1075 808 Lysistr.
1100 725 1160 786 665
1184 727 1246 786 tv-

137 828 290 907 νἰόττοδες.
347 831 469 917 Vespp.
502 835 520 892 5
550 823 827 912 ἀπομερμηρίσαι.
861 823 1008 909 μέρμερα
1044 827 1084 887 62
1114 847 1247 908 μυττω-

136 927 300 1012 τεύσομεν
338 929 418 993 1208
457 930 568 1015 (1164)
615 924 862 991 ὃιαλακώνισον
901 925 1031 990 Thesm.
1079 927 1119 988 86
1154 927 1247 1008 τρίτη

137 1033 383 1115 Θεσμοφορίων
403 1030 485 1095 Αο1ι.
513 1034 571 1095 108
593 1025 699 1113 ἆχανη
725 1034 784 1093 159
807 1024 1111 1092 καταπελτάσονται
1137 1029 1195 1090 162
1220 1050 1245 1091 s.

138 1158 171 1199 v.
192 1132 468 1216 ἐσκοροδισμένος
497 1136 555 1196 179
582 1135 715 1197 στιτττοί
741 1134 801 1195 219
823 1131 1030 1214 Λακρατίδης
1056 1132 1117 1193 244
1150 1123 1248 1211 ἐτνή-

139 1253 240 1320 ρυσιν
269 1238 330 1298 272
350 1239 487 1311 mettas
509 1234 624 1321 (schol.
647 1234 731 1299 Plat.
753 1257 785 1321 p.
810 1234 886 1315 444)
910 1235 971 1296 523
992 1235 1143 1316 Σίμαιθα
1169 1235 1244 1294 1111

138 1343 293 1427 μίμαρκις
322 1346 382 1400 ete.
427 1335 472 1400 Hi
496 1336 558 1400 loci
582 1359 693 1401 omnes
719 1338 765 1399 ita
791 1345 865 1399 sunt
886 1336 1079 1423 comparati,
1105 1344 1143 1397 ut
1165 1333 1248 1397 alter

137 1435 230 1503 alteri
262 1437 465 1502 emendando
492 1439 682 1502 inserviant.
728 1439 767 1502 In
797 1438 962 1502 cumulum
983 1437 1118 1501 accedat
1146 1436 1247 1500 schol.

138 1541 223 1605 Plut.
247 1543 308 1604 690
331 1534 376 1616 ὠς
398 1544 536 1622 παρείας
563 1533 612 1603 eiv
635 1535 730 1623 ὄφις·
751 1579 794 1589 -
815 1542 883 1604 ἔστι
903 1535 940 1603 dl
961 1535 999 1602 τὸ
1023 1541 1179 1602 τοιοῦτον
1201 1532 1249 1601 εί-

139 1644 197 1719 des
222 1641 277 1706 καὶ
302 1640 339 1705 ἐν
364 1644 404 1727 τῇ
429 1636 675 1728 Ἀλεξανδρείᾳ,
704 1643 791 1706 unde
814 1642 1074 1707 Alexandrinum
1092 1642 1249 1726 interpre-

139 1754 203 1809 tem
232 1742 459 1830 deprehendis,
511 1745 604 1825 Quae
637 1754 817 1831 sequuntur
843 1740 880 1807 τὸ
912 1741 948 1807 et
975 1744 1130 1806 τοιοῦτον
1163 1736 1250 1819 εἶδος

141 1840 330 1928 εὑρίσκεται
358 1844 395 1907 ἐν
424 1857 492 1922 τοῖς
514 1846 615 1928 ίεροίς
644 1849 705 1910 τοῦ
731 1843 914 1911 Διονύσον
936 1844 1076 1908 fortasse
1104 1843 1250 1930 Symma-

140 1947 219 2012 chus
243 1946 379 2010 addidit.
425 1946 535 2011 Etiam
556 1947 657 2011 schol.
680 1947 787 2011 Raun.
811 1950 872 2010 963
894 1949 992 2012 maris
1013 1946 1157 2010 accolam
1177 1968 1250 2031 pro-

141 2049 239 2132 dunt,
269 2071 464 2136 quamquam
492 2051 526 2112 in
549 2049 599 2113 his
616 2048 695 2113 mihi
718 2050 894 2136 Apionem,
921 2048 1106 2135 cymbalum
1126 2046 1249 2130 mundi,

141 2152 325 2239 loquentem
348 2150 462 2215 audire
484 2152 609 2216 videor.
652 2151 723 2218 Nee
746 2174 810 2215 uon
833 2150 934 2216 schol.
957 2148 1249 2235 Avv.1562qu.

141 2259 201 2318 544
233 2253 378 2341 Didymo
408 2253 683 2337 abiudicaverim,
725 2255 844 2340 quippe
872 2276 955 2340 quae
987 2254 1252 2338 peregrinantem

141 2357 388 2441 grammaticum
408 2355 586 2420 redoleant.
631 2356 783 2442 Denique
801 2355 910 2419 Nubb.
935 2360 993 2417 144
1014 2366 1126 2437 χεῖρον
1149 2347 1252 2416 οὐδὲν

142 2460 373 2540 μνημονεῦσαι
395 2456 450 2541 qui
475 2457 605 2541 scripsit
627 2466 700 2542 post
720 2456 930 2519 Plutarchum
953 2455 1033 2518 mihi
1056 2455 1181 2518 vixisse
1202 2455 1250 2517 vi-

143 2557 237 2622 detur
261 2558 493 2643 perpendenti,
528 2558 614 2643 quod
637 2559 670 2620 in
693 2556 794 2621 schol.
819 2557 902 2643 qu.
928 2559 1024 2637 1013,
1047 2555 1103 2619 ubi
1126 2548 1168 2618 οὐ
1191 2565 1252 2636 χεῖ·

144 2680 205 2740 ρον
226 2658 442 2741 παραθέσθαι
465 2660 620 2741 occurrit,
643 2658 811 2722 Plutarchi
833 2658 935 2723 verba
955 2664 1171 2744 apponuntur.

447 3013 748 3081 Commentarii
776 3017 963 3080 minores.

683 3188 719 3268 4.

355 3336 689 3403 Commentarius
732 3339 772 3402 in
810 3339 1043 3404 Hesiodum.

229 3453 331 3519 Iulius
354 3453 517 3518 Muetzell.
549 3453 590 3518 de
619 3456 745 3520 emend.
776 3454 943 3541 Theogon.
970 3455 1106 3520 Hesiod.
1130 3479 1162 3541 p.
1190 3456 1252 3516 290

146 3555 321 3642 ‘Didymus
339 3577 466 3641 quoque
480 3555 727 3620 Chalcenterus'
749 3559 855 3645 inquit
874 3559 921 3620 ‘in
934 3555 1155 3642 Theogoniam
1169 3577 1253 3618 com-

145 3665 307 3722 mentatus
336 3655 439 3718 fuisse
458 3654 598 3720 videtur.
643 3656 795 3720 Laudant
821 3658 890 3721 eius
912 3658 1132 3720 narrationem
1153 3654 1254 3719 schol.

145 3759 262 3822 Venet.
279 3765 311 3820 et
324 3754 463 3819 Cantab.
476 3777 507 3817 v.
524 3758 593 3819 126.
619 3755 771 3820 Ceterum
792 3756 879 3842 qued
901 3756 1001 3819 tradit
1020 3756 1151 3820 Fabric.
1174 3755 1253 3821 bibl.

146 3860 204 3925 Gr.
226 3857 243 3920 Ι
265 3881 296 3943 p.
322 3858 383 3919 518
406 3855 457 3920 ed.
473 3855 603 3919 Harles.
632 3856 812 3942 Didymum
830 3857 929 3920 istum
947 3856 1151 3940 scholiorum,
1172 3879 1256 3944 quae

145 3968 328 4048 supersunt,
351 3966 517 4022 auctorem
532 3958 638 4022 videri
650 3958 761 4022 Natali
781 3957 900 4023 Comiti
921 3957 1056 4044 mythol.
1072 3958 1120 4022 VI
1134 3960 1256 4044 puae,

144 4061 426 4128 inconsideranter
446 4060 568 4123 factum
591 4069 655 4143 est,
687 4059 841 4146 nullaque
864 4063 966 4124 utitur
986 4060 1061 4124 fide.
1106 4061 1188 4124 Rem
1207 4059 1255 4122 fa-

145 4164 264 4228 cillime
283 4161 589 4249 deprehendendam
611 4184 677 4226 non
699 4163 844 4248 pervidit
865 4162 1045 4247 Goettling.
1065 4163 1169 4248 praef.
1190 4161 1256 4225 He-

146 4266 228 4330 sicd.
252 4288 285 4351 p.
309 4264 478 4330 XXXIII.
524 4264 651 4359 Natalia
677 4263 780 4328 uerba
807 4263 887 4327 haec
915 4273 1005 4327 sunt:
1036 4263 1139 4328 ‘Cum
1160 4263 1255 4328 Ioan-

146 4389 204 4437 nes
226 4369 395 4435 Diaconus
417 4376 448 4435 et
464 4367 628 4457 Didymus
652 4373 736 4457 sqq?
759 4365 886 4459 Nempe
907 4365 1088 4456 Didymum
1111 4366 1255 4432 demere
