2962 5018
1181 435 1240 499 331

131 604 220 670 tiads
248 603 401 692 repetiit?
451 603 565 668 Possis
592 605 723 692 quidem
751 627 794 670 ex
820 604 871 668 his
898 604 1060 687 angustiis
1085 604 1244 689 rescripto

133 708 169 772 ἐκ
192 709 336 788 πλαγίου
353 727 413 791 pro
429 704 465 769 ἐκ
485 710 630 771 παλαιοῦ
648 715 680 771 te
699 707 878 788 extricare3
902 704 960 769 sed
973 726 1080 791 neque
1098 696 1243 792 ᾠκείωτο

132 803 299 891 stoderda
322 809 416 872 δεῖνα
439 807 601 872 Graecum
624 819 684 874 est.
725 808 856 873 Deinde
875 808 1090 895 praetermitti
1106 828 1170 871 non
1189 807 1244 871 de·

131 910 203 993 bet,
232 910 318 997 quod
343 909 508 996 Didymus
529 908 632 973 altero
655 909 741 991 loco,
770 932 834 996 quo
857 909 1134 975 nobilissimorum
1157 908 1243 973 Thu-

132 1012 261 1100 cydidis
294 1032 490 1099 proavorum
523 1011 671 1075 meminit
701 1011 817 1098 (schol.
855 1012 951 1077 Pind.
984 1011 1078 1075 Nem.
1113 1011 1148 1075 ΙΙ
1182 1015 1243 1094 19),

133 1108 278 1202 ᾠκείωτο
302 1134 367 1177 non
389 1113 548 1197 agnoscit,
573 1111 631 1176 sed
649 1112 763 1177 eodem
784 1123 882 1201 atque
904 1114 1095 1199 Dcxopatcr
1114 1112 1245 1178 dicendi

130 1236 251 1301 genere
275 1215 377 1279 utitur
401 1215 446 1290 είς
468 1217 598 1278 Αἴαντα
616 1208 760 1297 ἀνέφερε
783 1211 820 1280 τὸ
843 1216 949 1299 γένος,
972 1213 1157 1301 ibidemque
1169 1213 1246 1278 Aia·

132 1319 179 1383 cis
213 1326 362 1404 posteros
403 1337 596 1381 enumerans
638 1315 808 1382 Cimonem
835 1318 922 1382 inter
953 1325 986 1381 et
1019 1315 1245 1402 Thucydidem

132 1418 399 1484 Alcibiadem
426 1419 552 1482 inserit.
605 1417 711 1498 Quem
737 1441 880 1484 errorem
909 1419 1056 1505 Didymo
1083 1422 1245 1507 imputare

133 1543 199 1586 non
223 1521 339 1585 ausim.
384 1518 568 1584 Alcibiadis
597 1522 683 1584 enim
702 1517 866 1603 πρόγονοι
893 1521 1148 1586 Alcmaeonidae
1176 1520 1245 1584 fue·
1305 1523 1309 1531 '

132 1627 209 1690 runt
236 1624 389 1710 (Sopater
409 1624 445 1686 in
468 1620 575 1685 Walz.
603 1621 652 1685 rh.
675 1621 706 1685 V
727 1647 759 1711 p.
784 1624 848 1710 10).
893 1624 977 1689 Inde
1006 1622 1146 1687 subnata
1165 1621 1247 1685 mihi

133 1726 274 1813 suspicio
287 1732 338 1788 est
359 1722 568 1789 scholiastam
580 1723 716 1789 Pindari
732 1748 791 1813 pro
808 1722 863 1790 καί
877 1719 1246 1809 Ἀλκιβιάδης·νο1ιιίοεο

133 1827 168 1891 ot
187 1822 386 1906 Λακκιάδιιι,
408 1824 558 1910 quamvis
579 1827 772 1912 propensior
794 1826 918 1891 simod
943 1825 1141 1891 credendum
1160 1821 1247 1887 mala

133 1927 274 2015 quadam
296 1925 427 1991 fortuna
456 1923 652 1991 subductum
680 1928 773 1993 nobis
801 1951 867 1993 una
897 1951 971 1993 cum
1000 1949 1079 1992 vera
1108 1925 1246 1989 lectione

133 2051 252 2094 nomen
279 2027 367 2092 illius
392 2028 456 2092 viri
481 2048 569 2110 esse,
598 2030 654 2115 qui
679 2030 862 2095 Miltiadem
891 2040 924 2095 et
945 2027 1173 2115 Thucydidem
1195 2045 1247 2089 co·

133 2132 299 2218 gnmionis
320 2129 462 2195 vinculis
484 2130 701 2196 coniunxerit.
746 2134 855 2220 Atque
875 2131 982 2197 simile
1004 2129 1168 2218 quoddam
1191 2127 1247 2191 de·

133 2235 320 2299 trimentum
347 2230 451 2297 verba
473 2223 619 2318 ᾠκείωτο
639 2229 704 2316 γὰρ
726 2273 769 2283 --
789 2228 850 2298 τὸν
872 2230 957 2312 Διός
984 2233 1111 2319 cepisse
1131 2229 1246 2294 viden·
1330 2261 1332 2263 ·

133 2346 201 2400 tur:
223 2328 388 2423 ‘pissimo
411 2327 476 2415 γὰρ
505 2331 553 2419 [ἐκ
576 2336 733 2423 παλαιοῦ]
759 2339 805 2422 τῴ
827 2332 890 2419 μὲν
913 2385 921 2400 .
945 2382 953 2399 .
980 2384 988 2399 .
1012 2383 1019 2398 .
1044 2328 1129 2412 πρὸς
1153 2334 1247 2395 Μιλ-

134 2434 270 2520 τιάδην,
298 2438 344 2523 τῷ
374 2431 412 2498 δὲ
440 2430 613 2520 Μιλτιάδῃ
640 2431 725 2518 πρὸς
752 2433 883 2501 Alauda
909 2434 970 2501 τὸν
989 2429 1103 2510 Arde?
1149 2432 1180 2507 l?
1198 2435 1245 2518 τῴ

135 2548 243 2622 γονεϊ,
271 2537 325 2602 vel
352 2545 426 2599 roto
454 2545 569 2617 γονεῖν
594 2558 653 2623 pro
676 2541 722 2624 τῷ
751 2538 869 2624 γένει.)
920 2538 1044 2603 Verum
1067 2543 1177 2598 tamen
1205 2554 1263 2617 ne⁴

134 2641 215 2705 hacc
236 2639 367 2727 quidem
386 2637 582 2702 emendandi
598 2638 681 2702 ratio
701 2637 828 2703 admitti
845 2648 963 2727 potest,
986 2636 1163 2723 quodcum
1184 2632 1246 2697 lin-

134 2763 219 2827 guae
241 2738 370 2824 lcgibus
391 2746 571 2825 repugnat,
592 2747 662 2802 tum
681 2741 841 2805 stemmati
864 2740 1013 2828 adaptari
1036 2736 1159 2823 nequit.

219 2842 334 2929 Itaque
357 2841 420 2905 fuit
449 2862 522 2907 cum
547 2840 669 2906 nodum
691 2841 802 2927 gladio
820 2842 948 2907 solvere
969 2839 1088 2904 vellem
1110 2837 1246 2902 resectis

134 2944 309 3009 ulcerosis:
338 2936 466 3019 ‘ositos
492 2936 590 3025 αὐχεῖ
611 2938 649 3007 τὸ
680 2942 777 3026 γένος
805 2936 823 3008 ὁ
849 2936 1068 3025 συγγραφεὺς
1096 2934 1245 3004 ἄνωθεν.

135 3039 281 3134 ᾠκείωτο
308 3039 344 3108 db
374 3043 437 3130 (sic
461 3042 567 3128 vulg.)
595 3044 632 3109 ἐκ
652 3047 798 3110 παλαιοῦ
827 3046 874 3132 τῴ
899 3043 989 3126 γένει
1012 3037 1097 3125 πρὸς
1118 3037 1247 3106 Αἰακὸν

135 3145 195 3213 τὸν
218 3141 333 3222 Arde)
379 3144 445 3209 Sed
466 3155 581 3230 postea
605 3147 691 3229 vidi,
715 3148 852 3212 eandem
873 3146 1084 3226 sententiam,
1111 3142 1247 3207 scholia-

134 3259 185 3315 sta
207 3248 343 3313 Pindari
369 3248 628 3336 Doxopatroque
649 3248 822 3331 adhibitis,
850 3244 962 3311 verbis
989 3245 1097 3311 dubiis
1118 3244 1247 3309 leniori-

133 3351 197 3416 bus
219 3348 343 3414 artibus
373 3349 480 3413 inflari
506 3371 612 3436 posse.
659 3349 906 3436 ‘Thucydides,
922 3349 983 3412 sio
1004 3350 1093 3413 vitae
1118 3368 1247 3410 cnarra-

133 3456 256 3518 tionem
278 3451 403 3516 orditur
417 3450 639 3534 Marcellinus,
662 3451 763 3518 Oloro
782 3460 877 3515 natus
902 3458 961 3532 est,
984 3449 1040 3534 qui
1062 3446 1247 3532 cognomini

135 3552 294 3618 Thraciae
316 3553 429 3638 regulo
453 3561 485 3616 et
504 3574 622 3616 nomen
639 3561 671 3616 et
692 3552 824 3617 divitias
845 3574 921 3616 suas
944 3548 1101 3629 debebat,
1121 3569 1163 3610 ex
1181 3546 1247 3610 He·

135 3651 286 3739 gesipyla
313 3661 434 3733 matre3
462 3650 614 3737 idemque
641 3674 803 3738 pronepos
826 3652 889 3717 fuit
904 3649 1063 3715 Miltiadis
1087 3647 1246 3713 Cimonis-

135 3774 214 3839 que,
242 3751 496 3815 clarissimorum
523 3753 783 3838 imperatorum.'
834 3750 965 3816 Abhinc
992 3751 1172 3815 orationem
1197 3746 1248 3810 his

135 3854 205 3918 fere
240 3849 350 3916 verbis
384 3848 592 3917 continuasse
624 3849 852 3916 Marcellinum
890 3860 1146 3916 consentaneum
1182 3856 1248 3913 est:

136 3951 337 4018 ‘Maioribus
372 3973 452 4017 vero
485 3953 591 4018 editus
620 3960 669 4016 est
688 3953 854 4018 Aeacidis.
906 3951 1117 4037 Thucydides
1151 3951 1247 4032 enim,

135 4065 171 4121 ut
191 4056 333 4121 diximus
356 4052 442 4139 (velz
466 4063 503 4117 ut
523 4061 653 4117 vetusta
677 4053 765 4117 fama
786 4052 875 4141 sert),
894 4053 1070 4134 Miltiadis,
1093 4051 1147 4115 hic
1168 4072 1247 4115 vero

135 4157 253 4237 Aeaci,
280 4156 410 4219 Aeacus
435 4153 525 4218 Iovis
553 4153 616 4218 luit
642 4155 827 4241 progenies.
871 4156 934 4220 His
960 4155 1065 4218 atavis
1088 4151 1249 4239 gloriatur

135 4256 310 4320 historicus
339 4263 458 4320 noster.
509 4253 619 4341 Atque
647 4254 745 4319 huius
776 4257 823 4321 rei
857 4257 1021 4343 Didymus
1053 4262 1166 4318 auctor
1198 4261 1249 4317 est

135 4357 319 4450 Pherecydi
342 4357 563 4427 testimonium
585 4357 817 4428 denuncians)
862 4356 1016 4428 Fortasse
1045 4356 1146 4446 igitur
1166 4354 1247 4425 haec
