2962 5024
593 434 796 493 „2-

117 612 127 633 ⁰
223 594 296 657 265.
320 591 569 678 μαχήσεται·
591 595 629 660 έν
647 590 737 684 άλλη)
759 599 1017 682 μαχέσσεται.
1040 602 1081 667 A.

221 695 294 758 317.
317 693 373 760 διά
396 699 458 760 τοῦ
477 712 499 760 σ
518 690 643 762 άπασαι
665 691 973 781 άνδροφόνους.
997 705 1038 767 A.

221 795 305 882 [321.
329 791 445 881 ἴχνι’·
470 792 679 881 Ἀρίσταρχος
698 793 762 883 χάρ
784 796 919 883 ίχνεόει.
941 802 996 890 V.]

136 998 153 1062 ἐ
205 901 286 1016 364.
310 903 394 975 πεός
407 893 454 982 δὴ
470 894 608 983 ἔγωγ’·
629 896 718 983 παρά
736 900 773 966 δὲ
784 899 963 990 Ζηνοδότφ
975 904 1184 991 καταδάριον
1199 911 1245 998 (2)

158 998 362 1164 4103317640.-
391 1099 429 1165 έν
454 1097 491 1165 δὲ
518 1111 590 1178 ταῖς
618 1104 834 1191 είκαιοτέραις
861 1114 983 1172 θεῖον
1010 1103 1110 1174 κατά
1131 1111 1246 1196 δεῖμα

136 1199 306 1265 νέονται
331 1200 474 1287 [νέοιντο
497 1201 550 1289 V.]
575 1204 616 1268 A.

218 1303 317 1367 381?

219 1405 291 1468 385.
322 1401 413 1488 παρά
445 1401 625 1494 Ζηνοδότφ
657 1400 916 1491 ἡμέτερόνδε
946 1408 1002 1474 καὶ
1024 1412 1145 1491 Θέτις
1172 1435 1239 1477 τα-

135 1502 343 1584 νύπεπλος
366 1503 538 1586 ίκάνεις.
562 1510 604 1572 Α.
1063 1512 1064 1515 ’

216 1611 289 1672 400.
313 1604 459 1693 πολλά·
482 1606 672 1692 Ζηνόδοτος
694 1607 750 1673 καὶ
769 1604 1011 1694 Ἀριστοφάνης
1032 1610 1177 1677 πάντα.
1198 1614 1240 1678 Α.

219 1714 292 1773 404.
315 1703 424 1786 οὕτως
444 1703 582 1795 ᾔδεεν.
606 1706 770 1793 γράφεται
792 1707 830 1774 δέ
850 1708 906 1774 καὶ
924 1706 1054 1799 ᾔδειν.
1076 1715 1118 1778 Α.

213 1814 286 1874 407.
307 1806 390 1893 μετά
407 1814 470 1876 τοῦ
491 1835 503 1875 ι
524 1806 561 1876 τό
584 1808 762 1894 ζωάγρια
781 1805 799 1876 ὁ
818 1805 1037 1896 Ἀρίσταρχος.
1081 1815 1123 1880 A.

215 1912 276 1974 424
295 1919 332 1975 ut
351 1913 424 1976 385.

214 2016 287 2077 466.
309 2006 401 2096 ’παρὰ
412 2012 592 2101 Ζηνοδότφ
612 2012 667 2077 καὶ
679 2007 912 2101 Ἀριστοφάνει
934 2016 1170 2102 παρέξομαι.
1195 2022 1237 2085 Α.

208 2116 280 2176 471.
305 2108 361 2177 διὰ
383 2117 445 2178 τοῦ
467 2130 488 2178 σ
511 2108 760 2199 εὔπρηστον.
802 2112 890 2193 τινὲς
910 2113 947 2182 δέ
968 2112 1024 2181 διὰ
1044 2122 1108 2182 τοῦ
1126 2143 1146 2183 κ
1168 2115 1238 2184 εό-

129 2235 328 2296 πρηκτον.
352 2212 407 2278 καὶ
426 2208 590 2279 άκοόονσι
613 2210 697 2299 πρός
716 2217 838 2299 πρᾶξιν
861 2211 1079 2300 εὐάρμοστον.
1109 2222 1152 2284 Α.

210 2321 283 2380 477.
306 2310 396 2397 παρά
418 2313 598 2405 Ζηνοδότφ
621 2315 827 2401 κρατερόν
853 2314 909 2382 διά
924 2323 986 2382 τοῦ
1005 2341 1033 2383 ο.
1058 2322 1099 2384 Α.

207 2419 280 2481 485.
308 2413 498 2500 Ζηνόδοτος
521 2417 782 2503 ἐστήρικται,
819 2413 1029 2505 Ἀρίσταρχος
1061 2419 1237 2505 ἐστεφά-

128 2541 273 2583 νωιιεν.
294 2519 336 2584 A.

212 2622 284 2684 492.
316 2619 362 2686 ἐκ
380 2617 606 2705 θαλάμων·
643 2615 833 2702 Ζηνόδοτος
856 2617 897 2696 ές
917 2615 1152 2704 θαλάμους,
1181 2624 1237 2688 καὶ

128 2722 219 2786 ἔστιν
237 2715 302 2786 οὐκ
324 2716 491 2800 ἀπίθανος
513 2717 535 2807 ἡ
555 2716 678 2806 γραφή.
702 2719 745 2784 A.

211 2827 284 2888 499.
317 2816 637 2909 ἀποφθιμένου·
670 2814 759 2903 παρά
790 2817 969 2909 Ζηνοδότφ
999 2815 1237 2909 άποκταμέὲ

126 2949 203 2991 νου
222 2923 277 2990 καὶ
296 2925 334 2991 έν
354 2935 424 3003 ταῖς
445 2929 628 3008 πλείσταις,
651 2922 707 2988 καὶ
729 2923 821 2987 ἔστιν
843 2915 907 2987 οόκ
925 2916 1092 3001 άπίθανος
1111 2918 1132 3008 ἡ
1152 2949 1235 3010 χρα-

127 3025 185 3111 wi·
210 3028 252 3091 A·

210 3131 282 3193 502.
306 3123 586 3217 παράΖηνοδότφ
605 3121 899 3212 καὶἈριστοφάνει
914 3120 1232 3211 ἀμφοτέρωθεν·

124 3224 145 3314 ἡ
168 3225 431 3315 Μασσαλιωτικὴ
454 3225 761 3315 ἀμφοτέρωθεν
782 3227 996 3294 έπίπνυον.
1020 3232 1061 3294 Α.

207 3336 280 3397 506.
321 3332 358 3395 αἱ
384 3325 602 3415 Ἀριστάρχου
632 3325 889 3415 άμοιβηδόν,
916 3323 962 3407 ὡς
984 3325 1231 3412 κλαχχηδόν.

126 3426 209 3497 κατά
230 3431 324 3511 τάξιν
338 3434 396 3515 τῆς
414 3425 553 3514 ἡλικίας.
574 3433 615 3496 Α.
970 3507 971 3510 ¹

209 3536 281 3597 526.
303 3527 545 3616 Ἀριστοφάνης
563 3534 688 3608 δυίκοῖς
707 3528 953 3615 τερπομένω.
982 3530 1024 3593 A.
1054 3560 1060 3568 ·

209 3627 830 3718 528.ποίεακαλά·παράΖηνοδότφ
844 3632 933 3693 πῶϋ
952 3623 1036 3711 μέγ’
1061 3629 1171 3692 οίάν.
1188 3627 1229 3690 Α.

209 3734 282 3795 537.
306 3737 558 3798 τεθνειῶτα·
578 3727 788 3816 Ἀρίσταρχος
806 3731 1033 3811 τεθνηῶτα.
1056 3728 1097 3791 A.

208 3835 281 3898 538.
306 3826 398 3915 εἷμα
413 3825 446 3895 δ’
463 3827 533 3915 ἔχ’·
557 3832 594 3895 έν
608 3831 920 3915 τῇΜασσαλιωτικη
939 3819 1034 3911 εῐμά
1052 3822 1084 3891 τ’
1102 3828 1173 3911 ἔχε.
1190 3829 1231 3891 A.

209 3938 282 4001 540.
307 3935 690 4007 κατατεθνειοῐτας·
710 3926 918 4013 Ἀρίσταρχος
939 3925 995 3993 διὰ
1013 3931 1076 3993 τοῦ
1095 3953 1125 4012 η.
1148 3929 1189 3993 Α.

206 4041 278 4102 549.
302 4029 409 4111 οὕτως
426 4027 636 4117 Ἀρίσταρχος
658 4033 847 4115 τέτυκτο,
864 4025 985 4108 Ἰακεός.
1014 4032 1056 4095 Α.

140 4165 145 4176 ·
205 4145 278 4204 557.
301 4139 363 4216 ἔξω
391 4139 454 4201 τοῦ
483 4160 495 4200 ι
528 4131 697 4219 έστηκει
725 4135 762 4198 αί
783 4127 1017 4219 Ἀριστάρχου,
1043 4125 1139 4197 ἄλλοι
1174 4133 1233 4198 εί-

118 4239 281 4325 στήκει.
303 4242 345 4306 A.

205 4346 277 4407 563.
297 4335 577 4427 άρχνρέησιν·
601 4332 792 4422 Ζηνόδοτος
813 4330 1096 4424 άρχνρέοισιν.
1118 4338 1160 4403 A.
