2962 5024
205 477 210 486 ,
227 383 289 445 232

315 547 447 610 Rectius
478 543 638 630 Didymo,
669 543 761 606 cuius
790 549 901 605 tamen
928 538 1153 626 interpretatio
1176 534 1263 602 haud
1286 537 1344 603 ab·

231 671 312 714 sona
335 656 398 729 est,
421 645 553 709 Dissen.
580 645 668 731 expl.
690 642 786 707 Pind.
808 664 841 727 p.
863 643 935 706 381.

756 798 808 860 42.

315 916 395 981 ibid.
419 919 459 980 95
484 942 516 1005 p.
532 919 594 980 456
615 918 662 1001 τᾷ
683 910 903 979 Δαιδάλου
925 915 967 979 δὲ
990 916 1184 999 μαχαίρᾳ·
1207 916 1342 980 Δίδυ-

229 1043 302 1104 μος
322 1019 360 1082 δέ
382 1034 481 1101 φησι·
505 1014 651 1100 γράφειν
673 1016 727 1080 δεῖ
746 1012 802 1079 διὰ
820 1018 883 1079 τοῦ
906 1037 933 1078 ω
952 1011 1110 1099 μεγάλου.
1135 1010 1284 1101 δαιδάλῳ
1303 1014 1341 1080 δὲ

229 1123 373 1205 μαχαίρᾳ
394 1115 497 1184 δόλον
517 1111 652 1200 ἥρτυσε,
676 1115 903 1201 παρελόμενος
925 1110 1032 1180 αὐτοῦ
1052 1113 1179 1200 κρύφα,
1201 1116 1257 1179 ἵνα
1273 1138 1342 1198 χω-

229 1220 281 1303 ρὶς
303 1215 512 1304 άμνυτηρίου
535 1212 638 1294 ἁλούς
660 1211 727 1281 ὑπὸ
751 1221 819 1281 των
840 1213 1048 1299 Κενταύρων
1070 1220 1198 1302 φθαρῇ.
1235 1221 1342 1280 ταῦτα

229 1319 266 1385 δὲ
283 1322 456 1404 ίστορούσι
474 1318 592 1384 πολλοὶ
608 1320 681 1401 μεύ,
704 1312 788 1400 άτάρ
803 1314 845 1401 δὴ
862 1317 916 1382 καὶ
925 1311 1079 1395 Ἡσίοδος
1095 1318 1202 1401 λέγων
1214 1313 1338 1396 οὕτως·

337 1415 397 1502 ἥδε
420 1420 459 1484 δέ
478 1422 513 1485 οί
532 1417 614 1484 κατὰ
636 1413 753 1502 θυμὸν
775 1415 892 1503 άρίστη
915 1420 1053 1501 φαίνετο
1075 1415 1201 1502 βουλη-

336 1515 441 1586 αύτόν
462 1515 524 1605 μὶν
546 1520 698 1603 σχέσθαι,
721 1517 848 1603 κρύψαι
873 1515 907 1585 δ’
930 1515 1077 1604 άδόκητα
1098 1519 1275 1606 μάχαιραν,

336 1619 453 1706 καλήν,
475 1615 520 1705 ἢν
541 1621 576 1685 οί
594 1622 705 1698 ἔτευξε
724 1617 924 1704 περικλυτὸς
937 1616 1165 1705 Ἀμφιγυήεις,

336 1717 381 1800 ὡς
401 1719 465 1807 τὴν
485 1720 663 1807 μαστεύων
685 1716 754 1798 οἶος
775 1719 859 1787 κατὰ
881 1720 1012 1806 Πήλιον
1032 1719 1114 1787 αἰπύ

334 1818 407 1899 αίίί
429 1818 495 1888 ὑπὸ
520 1819 768 1902 Κενταύροισιν
790 1818 987 1913 ὀρεσκῴοισι
1007 1825 1135 1906 δαμείη.

229 1928 402 1991 Δαίδαλον
424 1919 460 1988 δὲ
487 1920 558 1990 εἶπε
579 1920 642 2006 τὴν
661 1921 827 2009 μάχαιραν
846 1925 902 1991 διὰ
923 1921 959 1991 τὸ
983 1919 1050 1989 ὑπὸ
1069 1918 1254 2006 Ἡφαίστου
1277 1948 1340 1989 κα-

227 2022 463 2090 τεσκευάσθαι.
494 2025 648 2102 ἐπιεικῶς
671 2021 707 2088 δὲ
728 2021 768 2088 τά
786 2020 971 2109 Ἡφαίστου
992 2027 1073 2109 ἔργα
1097 2021 1237 2091 δαίδαλά
1256 2044 1341 2109 φησι

230 2131 278 2212 (Σ
298 2127 393 2210 48η·

356 2229 443 2290 ποίει
465 2228 605 2291 δαίδαλα
628 2222 727 2291 πόλλ’
753 2229 895 2312 είδυίησι
917 2230 1151 2311 πραπίδεσσιν.

312 2327 353 2391 In
385 2327 456 2392 eod.
491 2330 645 2413 seriptum
680 2337 749 2392 erat
768 2332 997 2411 ΔΑΙΔΑΛΟ,
1031 2328 1118 2415 quod
1142 2339 1249 2413 erant,
1283 2331 1341 2416 qui

228 2425 404 2495 Δαιδάλου
429 2428 577 2513 legerent
603 2438 636 2492 et
667 2431 723 2514 qui
749 2427 906 2517 δαιδάλῳ.
950 2430 1060 2515 Atque
1081 2429 1143 2494 hoc
1166 2431 1262 2494 unice
1285 2453 1341 2495 ve-

227 2554 299 2595 rum
328 2553 400 2595 esse
430 2529 558 2594 articuli
588 2533 628 2616 τᾴ
651 2531 701 2594 vis
724 2532 934 2596 demonstrat.
980 2535 1065 2595 ‘Hoc
1086 2538 1150 2611 ipso
1172 2552 1240 2594 vero
1261 2554 1341 2610 ense,

228 2654 324 2718 quem
347 2632 390 2696 ab
406 2631 528 2696 Acasto
550 2631 745 2696 subductum
761 2632 859 2698 Peleo
883 2654 955 2696 esse
975 2653 1071 2695 nemo
1086 2631 1200 2713 nescit,
1221 2635 1343 2709 affabre

225 2737 311 2810 facto
340 2742 372 2798 et
400 2756 431 2820 q.
461 2741 508 2797 ε.’
553 2733 669 2819 Itaque
695 2742 783 2796 reete
805 2733 950 2796 Boeekh.
975 2733 1008 2795 in
1030 2742 1110 2797 nott.
1134 2733 1219 2798 eritt.
1245 2743 1277 2798 et
1299 2735 1339 2798 L.

228 2833 362 2899 Dissen.
384 2836 418 2898 in
441 2833 527 2919 expl.
552 2833 647 2898 Pind.
667 2858 699 2920 p.
718 2835 779 2898 386
800 2833 945 2919 Didymo
968 2833 1110 2898 calculos
1132 2834 1340 2919 addiderunt,

226 2934 386 3020 quidquid
405 2933 624 2998 contradicat
645 2933 768 3018 Bergk.
795 2934 890 2999 Pind.
911 2934 962 2998 ed.
984 2933 1040 2998 alt.
1064 2957 1095 3021 p.
1123 2940 1192 3000 164.

754 3091 806 3152 43.

312 3202 393 3267 ibid.
419 3206 476 3265 151
505 3227 537 3289 p.
563 3207 624 3266 459
658 3195 752 3270 οἷον
785 3206 939 3270 αίνίων
969 3228 1013 3270 κε
1048 3211 1285 3292 Μελησίαν·
1319 3203 1338 3274 ὁ

224 3296 494 3386 Ἀρίσταρχος
522 3308 617 3380 ψιλοί
642 3301 678 3370 τύ
703 3298 776 3368 οἶον
798 3311 868 3370 κτλ.
911 3304 1053 3373 δύναται
1075 3305 1113 3374 δὲ
1135 3309 1188 3373 καί
1211 3309 1339 3388 δασέως

227 3398 543 3486 ἀναγιγνώσκεσθαι
560 3400 596 3471 τό
616 3398 701 3491 οἷον,
717 3411 966 3492 θαυμαστικῶς,
982 3405 1027 3486 ὥς
1042 3427 1124 3492 φησι
1140 3417 1172 3474 Δ
1178 3415 1192 3475 ί
1196 3414 1217 3476 δ
1225 3434 1300 3494 υμο
1310 3438 1337 3489 ς.

310 3505 467 3570 Dissenio
490 3530 618 3595 quoque
639 3510 672 3572 in
694 3507 781 3595 expl.
804 3509 900 3573 Pind.
922 3533 954 3596 p.
978 3516 1039 3575 390
1060 3503 1150 3596 οἷον,
1172 3523 1208 3576 ut
1231 3523 1280 3577 est
1302 3515 1337 3577 in

224 3605 318 3669 libris
343 3615 441 3691 atque
468 3630 488 3671 a
508 3609 654 3694 Bergkio
679 3632 710 3695 p.
730 3613 790 3675 166
815 3620 998 3696 receptum,
1030 3611 1263 3698 θαυμαστικύυ
1288 3624 1339 3679 est

225 3728 268 3771 ex
289 3707 465 3773 Homerica
485 3711 732 3775 consuetudine.

755 3868 807 3928 44.

309 3974 388 4041 ibid.
416 3979 474 4040 153
504 3972 761 4058 άπάλαιστος
788 3981 831 4046 ἐν
859 3979 967 4071 λόγῳ
989 3983 1118 4051 ἕλκει·
1144 3984 1247 4053 τούτύ
1268 3988 1337 4054 ἐστι

222 4074 278 4140 καί
301 4075 355 4140 ἐπὶ
375 4079 437 4141 τοῦ
459 4083 635 4163 Μελησίου
655 4075 811 4159 άκούειν,
840 4079 886 4161 είς
908 4103 991 4168 φησι
1010 4090 1215 4173 Δίδυμος,
1245 4081 1335 4154 οἷον·

220 4170 507 4256 άκαταπάλαιστός
534 4179 604 4245 ε’στι
635 4178 720 4263 πρὸς
746 4180 806 4248 τὸν
839 4184 980 4251 ἕλκοντα
1013 4184 1121 4254 αὐτὸν
1148 4190 1187 4256 ἐν
1211 4189 1335 4275 λύγοις,

221 4267 267 4354 ὡς
286 4275 339 4342 καί
363 4277 481 4363 λογίου
504 4275 603 4362 ὄντος
623 4288 686 4350 τού
707 4291 893 4369 Μελησίου.
