2962 5024
1222 412 1284 475 247

716 570 744 630 2.

259 689 344 752 Plut.
365 690 426 751 720
442 686 563 750 Athen.
579 685 614 748 ΙΙ
629 708 661 771 p.
680 689 719 750 67
736 686 778 750 D.
802 686 1044 774 Ἀριστοφάνης
1064 692 1101 757 δὲ
1118 694 1154 757 ἐν
1168 696 1284 761 Πλού-

175 815 220 879 τῳ
243 788 325 874 φησὶ
348 785 436 866 (ὄξει
460 788 612 872 διέμενος
634 792 811 876 Σφηττίῳ’
834 791 1022 874 Δίδυμος
1043 789 1077 858 δ’
1103 795 1284 881 ἐξηγούμε-

173 916 232 968 νος
271 890 307 955 τό
349 889 501 975 ἰαμβεῖόν
536 908 622 974 φησι
658 895 757 965 ’ἴσως
792 887 879 955 διότι
916 892 951 956 οί
975 891 1140 978 Σφήττιοι
1177 892 1283 976 ὀξεῖς)

174 994 323 1078 Respicit
355 993 494 1079 append.
523 990 675 1079 proverb.
701 992 794 1055 Oent.
817 992 867 1056 IV
895 996 934 1057 29
961 991 1065 1061 vol.I
1094 1021 1126 1084 p.
1150 1003 1210 1061 449
1231 1001 1281 1065 ed.

174 1095 201 1158 L
223 1103 256 1158 et
277 1093 310 1158 S.
333 1095 413 1157 Hes.
436 1092 531 1159 Phot.
554 1098 632 1176 560,
658 1096 706 1157 18.

170 1389 172 1393 ‘
256 1381 343 1446 Plut.
370 1384 450 1446 1012
482 1378 680 1461 νιτάριον
702 1371 750 1442 άν
780 1377 1033 1464 καὶβάτιον·
1057 1381 1284 1467 Σύμμαχος

173 1499 271 1565 φησι·
300 1486 449 1567 Νίταρος
471 1477 577 1557 ιτολύς
608 1480 662 1545 ἐπὶ
694 1485 837 1566 μαλακίᾳ
869 1477 1114 1565 ὀνειδιζόμενος
1146 1483 1184 1548 ἐν
1214 1497 1284 1564 τοῖς

173 1579 246 1667 ἑξῆς
267 1580 413 1667 δράμασι
434 1584 489 1647 καὶ
508 1580 624 1658 Βάτος.
670 1580 801 1658 καὶτὰς
822 1581 942 1664 μικράς
962 1581 997 1648 δὲ
1013 1588 1152 1666 θηλείας
1171 1585 1283 1653 Βατά-

173 1688 254 1759 λους
283 1686 411 1768 ἔλεγον.
435 1683 511 1766 vuod
532 1679 738 1765 Θεοπόμπου
766 1680 876 1765 δράμά
905 1682 975 1748 ἐστι
1005 1683 1150 1770 Βατύλη.
1195 1687 1283 1766 τινὲς

173 1783 210 1849 δὲ
243 1779 395 1864 νιτάριον
431 1786 489 1850 ιιαλ
519 1781 638 1869 βάτιον
667 1785 739 1866 είδη
772 1787 901 1865 φυτῶν.
946 1786 1040 1851 θέλει
1070 1776 1136 1850 οὖν
1159 1790 1281 1875 εἰπεῖν,

174 1883 226 1950 ὅτι
248 1880 293 1963 ὡς
311 1880 403 1968 άνθη
423 1910 463 1970 με
485 1882 559 1969 εἶχε.
605 1886 793 1968 Δίδυμος
816 1885 855 1949 δέ
874 1901 996 1970 φησιν,
1025 1884 1077 1951 ὅτι
1098 1882 1283 1971 ὑποκορίσ-

132 1978 135 1984 ’
172 2010 259 2070 ματα
277 1984 361 2070 πρὸς
382 1999 552 2070 γυναῖκας.
570 1983 723 2069 νιτάριον
741 1983 779 2051 δὲ
800 1981 961 2070 νεόττιον,
984 1985 1087 2052 οίονελ
1109 1987 1280 2073 κοράσιον.

47 2152 49 2156 .
172 2089 249 2172 (om.
263 2088 329 2172 V.)‚
349 2088 395 2155 of.
409 2088 511 2171 Suid„
533 2089 567 2152 in
587 2111 650 2176 quo
664 2088 801 2176 Didymi
822 2086 998 2175 explicatio
1019 2091 1196 2175 praecedit.
1230 2094 1282 2158 In·

171 2198 353 2253 veteratum
366 2192 557 2276 scripturae
576 2189 692 2253 vitium
712 2190 895 2255 correxisse
917 2188 981 2253 sibi
1002 2191 1066 2255 visi
1087 2201 1162 2256 sunt
1174 2193 1282 2259 Faber

172 2283 341 2355 Bentleiris
362 2289 555 2354 Dindorfius
578 2290 751 2354 scribendo
773 2286 954 2375 νηττάριον
976 2289 1031 2354 καὶ
1049 2291 1201 2374 φάττιον.
1227 2295 1279 2360 Of.

129 2470 132 2476 Ι
172 2393 297 2456 intereo
321 2394 399 2456 Hes.
427 2387 637 2475 βάττικες·
669 2401 850 2472 -γυναίιιες,
883 2395 1035 2456 Βοιωτοί.
1088 2393 1282 2479 00μίοείεοὶ-

171 2516 258 2558 mum
277 2494 317 2557 de
339 2493 371 2556 h.
384 2493 405 2555 l.
421 2514 595 2557 excursum
619 2490 722 2555 edidit
744 2490 782 2553 O.
799 2488 860 2553 Th.
878 2493 1087 2556 Antonius
1107 2494 1141 2557 in
1154 2516 1280 2579 eompa-

172 2595 307 2659 retionis
334 2593 493 2659 librorum
523 2613 691 2680 sacrorum
719 2591 759 2654 V.
790 2590 827 2659 F.
858 2601 890 2655 et
911 2593 1105 2680 scriptorum
1129 2592 1281 2677 profano-

171 2719 241 2761 rum
261 2719 454 2781 graeoorum
475 2704 567 2781 parte
587 2694 645 2775 Vl,
667 2691 759 2757 Gorl.
785 2693 864 2757 1829
887 2696 919 2754 4⁰
940 2716 972 2778 p.
996 2693 1101 2756 2-9.

713 2884 744 2943 4.

255 2999 342 3064 Plut.
378 3002 458 3063 1130
491 2990 710 3074 ἀσκωλίαζ’
746 2995 947 3060 ἐνταῦθα·
981 2991 1102 3078 ἑορτὴν
1128 2997 1163 3061 οί
1180 2993 1280 3079 Ἀθη-

171 3112 258 3166 ναῖοι
281 3090 364 3186 ἦγον
384 3097 424 3166 τά
439 3096 614 3187 άσκοάλια,
633 3098 669 3162 ἐν
690 3087 712 3186 ᾗ
737 3094 917 3180 ἐνήλλοντο
940 3107 1009 3174 τοῖς
1029 3091 1145 3174 άσκολς
1163 3100 1209 3175 είς
1228 3121 1279 3162 τι·

170 3199 238 3287 μὴν
260 3205 322 3266 τοῦ
342 3199 529 3267 Διονύσου.
574 3203 669 3265 δοκεῖ
692 3198 730 3263 δὲ
757 3195 882 3282 ἐχθρὸν
911 3192 996 3263 ελναι
1023 3223 1063 3284 τη
1084 3194 1219 3286 άμιτέλφ
1241 3193 1279 3263 τδ

170 3308 262 3422 ζφον.
292 3299 405 3388 άμίλει
427 3292 491 3367 οὖν
514 3300 569 3366 καί
591 3301 780 3386 ἐπίγραμμα
795 3299 986 3385 φέρεται
945 3325 1004 3383 της
1022 3296 1173 3440 άμιτέλον
1196 3296 1280 3382 πρὸς

169 3431 231 3490 την
253 3399 395 3488 αἶγα”
351 3428 458 3481 ουτως
480 3405 572 3486 ἔχον
1287 3455 1289 3461 ,

254 3502 318 3589 κῆν
340 3530 380 3589 με
402 3502 511 3589 φάγης
533 3504 585 3570 ἐπὶ
609 3498 763 3590 ρίζαν,“
743 3526 833 3586 ομσις
855 3497 889 3567 δ
915 3504 961 3568 ἔτι
985 3496 1236 3583 καρποφορῆσαι

255 3603 358 3670 ὅσσον
379 3605 548 3681 ἐπιλεῖψαί
566 3622 632 3688 σοι,
651 3597 954 3687 τράγε,’θνομε’νφ.
980 3600 1101 3686 (Eueni
1124 3595 1225 3683 sunt.)

169 3703 350 3782 άσιιωλίαζε
379 3702 415 3768 δὲ
447 3699 521 3767 άντλ
553 3710 613 3769 τοῦ
647 3700 762 3768 άλλου.
796 3709 816 3783 ξ
849 3705 984 3781 Κυρίαις
1007 3700 1044 3763 δὲ
1067 3695 1278 3764 ἀσκωλιά-

170 3811 258 3885 ζειν
279 3807 395 3888 ἐλεμον
418 3800 454 3869 sd
482 3803 537 3867 oo
555 3808 623 3869 τῶν
649 3798 765 3867 άσκσλν
786 3797 948 3865 άλλεσθαι
971 3786 1069 3864 ἕνεκα
1086 3804 1149 3864 τοῦ
1172 3804 1278 3882 γελω-

168 3918 327 3976 τοποιεῖν.
374 3906 410 3970 ἐν
431 3906 520 3992 μέσῳ
542 3904 578 3969 δὲ
598 3905 660 3968 τοῦ
681 3900 831 3987 θεάτρου
852 3902 1003 3965 ἐτίθεντο
1021 3895 1146 3977 άσιιούς
1167 3924 1280 3983 ττεφυ-

169 4012 336 4095 σημένους
357 4005 412 4071 καὶ
433 4000 672 4089 άληλιμὲνονς,
694 4005 740 4079 είς
762 3997 822 4082 orig
844 3996 1060 4085 ἐναλλόμενοι
1084 3995 1279 4067 ω’λίσθανον

168 4109 322 4191 καθάπερ
345 4103 522 4193 Εὔβουλος
541 4106 579 4170 ἐν
599 4108 771 4190 Δαμαλείᾳ
793 4101 898 4187 φησίν
921 4096 1043 4179 οὕτως·

335 4249 377 4259 -
394 4208 450 4273 καί
470 4205 555 4290 πρός
573 4230 611 4290 με
634 4203 765 4284 τούτοις
785 4199 892 4270 άσιιόν
910 4203 944 4282 ἐς
966 4205 1068 4286 μέσον

334 4308 537 4388 καταθέντες
559 4306 775 4375 είσάλλεσθαι
803 4305 859 4370 καλ
877 4302 1051 4389 καγχάζετε
