2932 5002
223 384 285 447 346

226 555 243 619 Ι
265 576 297 640 p.
320 555 371 615 ol.
397 554 518 615 lla-5
540 548 719 614 Graefenh.
742 548 919 613 Gesobd.
936 547 1031 613 class.
1048 547 1166 614 Philol.
1182 551 1199 614 l
1215 575 1248 639 p.
1266 557 1342 621 425.

224 657 297 740 Ego
319 654 362 717 ad
384 662 492 716 utrum
513 651 690 716 concedam
712 650 843 714 haereo.
866 688 908 696 -
936 648 990 713 Ad
1013 647 1174 715 Prisciani
1196 653 1218 718 l.
1240 654 1262 719 l.
1285 656 1343 720 ad-

224 765 315 823 notat
336 754 598 819 Lindemannus:
630 753 701 817 ‘Ac
722 751 863 839 primum
884 750 1064 816 notandum
1084 751 1126 816 ab
1149 754 1243 819 initio
1263 765 1343 821 ante

224 881 337 924 vocem
360 856 552 939 Δίδυμος
576 856 643 940 legi
664 855 699 917 in
725 853 798 918 cod.
817 852 876 917 has
894 852 1005 917 literas
1028 852 1108 937 YK,
1137 854 1257 921 deinde
1280 880 1341 944 pro

224 958 299 1040 περὶ
320 961 380 1041 τῆς
400 979 472 1022 esse
491 960 724 1038 HEPICTHO,
746 963 821 1019 ante
842 975 957 1017 vocem
977 947 1066 1037 παρά
1084 976 1253 1020 recurrere
1267 957 1340 1021 lite-

224 1081 294 1124 ram
316 1059 346 1123 Y
369 1068 496 1145 etpost
516 1081 632 1125 vocem
653 1053 834 1139 ἀναλογίας
854 1076 985 1119 rursum
1006 1076 1164 1142 apparere
1185 1054 1226 1138 Y,
1249 1059 1341 1144 quod

224 1161 400 1226 Putschius
425 1159 625 1249 (perperam)
648 1182 708 1246 pro
727 1180 862 1224 nurnero
885 1155 961 1220 libri
983 1156 1128 1222 habuit)
1156 1157 1249 1222 Haec
1270 1158 1339 1224 illc.

185 1325 187 1327 ,
224 1263 337 1327 Litora
363 1271 413 1327 ter
442 1261 572 1327 adiecta
593 1261 815 1348 Pythagorica
839 1258 870 1323 Y
896 1257 975 1345 quid
998 1257 1061 1322 sibi
1083 1256 1179 1341 velit,
1206 1258 1342 1325 docebit

224 1363 363 1428 Villoiso
383 1363 479 1427 diatr.
502 1387 533 1450 p.
559 1366 618 1427 134
643 1364 702 1448 (2),
726 1362 784 1426 scd
804 1361 836 1425 K
859 1358 938 1448 quid
959 1358 1068 1423 valeat
1087 1381 1153 1423 non
1174 1362 1340 1446 expiscor,

225 1465 289 1528 nisi
311 1472 389 1528 nota
411 1464 454 1528 sit
473 1466 617 1529 nominis
639 1458 851 1547 Klaridco9¹).
897 1458 994 1540 Quod
1016 1460 1044 1524 si
1065 1461 1111 1525 ita
1132 1458 1191 1546 est,
1214 1463 1340 1528 Suidac

225 1566 336 1652 glossa
363 1566 515 1650 Δίδυμος
547 1559 565 1629 ὁ
594 1562 765 1639 Κλαύδιος
796 1563 1047 1649 depravationes
1077 1586 1233 1651 perpessa
1265 1586 1340 1630 esse

225 1691 290 1734 non
312 1667 453 1732 videtur.
498 1667 542 1732 Et
565 1667 723 1733 Claudius
745 1664 877 1753 quidem
898 1664 1078 1751 Didymus,
1108 1688 1205 1753 quem
1225 1688 1246 1729 a
1268 1687 1340 1730 mu-

225 1770 293 1834 sico
327 1776 359 1832 et
387 1768 614 1853 grammatico,
647 1766 833 1831 Heraclidis
861 1765 945 1848 filio,
977 1789 1043 1831 non
1072 1788 1145 1832 csse
1170 1767 1340 1832 diversum

224 1872 407 1958 suspicatus
426 1892 497 1935 sum
519 1871 554 1933 in
576 1876 748 1934 comment.
771 1867 820 1931 IV
839 1877 923 1954 part.
946 1870 966 1930 2
987 1891 1019 1955 p.
1039 1873 1087 1952 13,
1111 1877 1186 1955 apte
1208 1876 1342 1955 poterat

226 1972 363 2036 lectores
389 1971 431 2035 ad
454 1969 670 2035 Heliodorum
695 1970 864 2034 metricum
892 1968 929 2032 ἐν
955 1973 1003 2058 spi
1027 1971 1104 2055 περὶ
1130 1974 1342 2055 μουσικῆς

226 2071 401 2135 amandare
432 2092 484 2157 ap.
515 2072 675 2136 Priscian.
710 2071 751 2135 de
776 2071 832 2155 fig.
862 2093 950 2136 num.
983 2094 1010 2136 c.
1037 2071 1090 2135 III
1118 2075 1150 2151 ς.
1176 2075 1225 2137 16.
1271 2070 1341 2138 Sed

228 2172 442 2239 Chalcentcro
463 2171 524 2237 hoc
546 2175 644 2237 etiam
665 2193 746 2258 opus
767 2172 976 2237 vindicaturo
997 2172 1156 2238 favebunt
1177 2195 1341 2259 gramma-

225 2276 363 2339 ticorum
390 2280 498 2337 aetate
519 2273 741 2360 proximorum
763 2274 872 2338 studia
894 2274 928 2337 in
950 2273 1065 2338 eadem
1086 2295 1187 2361 opera
1208 2274 1342 2339 Graeca

186 2393 188 2399 ·
225 2398 299 2440 curn
320 2375 477 2439 Romanis
498 2375 709 2462 comparandi
729 2376 852 2460 posita,
879 2375 1087 2462 Hypsicratis
1110 2374 1240 2441 Seleuci
1261 2376 1340 2441 Phi-

224 2477 336 2543 loxeni
371 2476 591 2564 Tyrannionis
622 2476 763 2562 Apionis
794 2476 922 2542 Irenaei
951 2479 1022 2541 sive
1054 2478 1169 2542 Pacati
1200 2478 1341 2543 Minucii

225 2578 372 2643 Suetonii
398 2578 597 2667 Tranquilli,
626 2600 708 2666 quos
734 2579 884 2643 recensui
912 2579 947 2641 in
974 2579 1103 2644 dissert.
1136 2579 1177 2643 de
1200 2579 1340 2646 Seleuco

224 2680 400 2745 Homerico
419 2702 451 2766 p.
475 2683 548 2746 548.
593 2681 732 2746 Accedit
759 2679 847 2769 quod
874 2702 926 2767 ap.
950 2679 1110 2745 Priscian.
1132 2680 1149 2745 1
1169 2704 1201 2768 p.
1220 2683 1256 2745 21
1275 2681 1338 2747 Kr.

226 2782 260 2845 II
273 2807 306 2871 p.
324 2785 386 2847 395
401 2783 461 2855 Kr.
477 2782 642 2869 Didymus
657 2784 692 2846 in
710 2782 868 2848 Varronis
883 2781 1082 2847 consortium
1096 2782 1259 2849 admissus
1276 2794 1339 2850 est.

768 2975 796 3035 1.

311 3034 469 3150 esseron.
486 3086 502 3150 1
519 3090 604 3174 pm
633 3087 662 3174 μ
677 3110 706 3152 0.
723 3090 754 3177 q
779 3087 839 3152 Kr.
864 3085 973 3151 ‹unse
994 3107 1014 3150 a
1034 3086 1200 3174 plerisque
1222 3088 1252 3151 ei
1277 3088 1338 3175 (v)

225 3186 287 3250 hoc
305 3207 424 3250 nomen
447 3187 550 3271 datur,
571 3188 659 3275 quod
681 3188 769 3274 apud
784 3188 905 3252 Aeoles
926 3187 1041 3252 habuit
1063 3188 1140 3253 olim
1160 3187 1338 3273 digamma,

225 3286 328 3351 idest
348 3286 478 3363 much
502 3289 605 3374 ipsius
628 3311 709 3353 voce
730 3287 923 3375 profectum,
944 3298 1027 3355 teste
1048 3289 1196 3359 Varrone
1219 3300 1251 3353 et
1272 3290 1340 3354 Di-

225 3386 357 3473 dymo,
388 3387 444 3474 qui
467 3388 501 3454 id
523 3391 553 3452 ci
575 3413 693 3455 nomen
714 3411 786 3452 csse
808 3387 993 3454 ostendunt.
1038 3389 1103 3454 Pro
1126 3413 1189 3478 quo
1213 3391 1340 3455 Caesar

114 3532 116 3537 s
224 3488 309 3552 hanc
331 3489 471 3573 liguram
498 3515 526 3578 fl
558 3490 659 3556 scribi
683 3490 798 3554 voluit.
820 3529 863 3538 -
890 3490 1025 3556 Tortell.
1054 3490 1181 3555 Arctin.
1215 3491 1257 3556 dc
1288 3514 1340 3557 or·

224 3589 331 3674 thogr.
354 3588 441 3654 foll
466 3591 660 3657 ‘Habebant
683 3592 809 3679 antiqui
828 3589 949 3655 Acoles
971 3591 1099 3656 literam
1120 3592 1222 3673 hanc,
1240 3614 1340 3678 quae,

224 3691 301 3776 quia
327 3689 467 3776 duplicis
496 3702 627 3778 gamma
654 3694 793 3779 liguram
821 3690 1005 3774 detinebat,
1036 3704 1073 3757 ut
1096 3715 1182 3758 nunc
1204 3692 1342 3776 detinet,

225 3790 390 3875 digamma
422 3815 442 3856 a
462 3794 627 3881 plerisque
649 3817 691 3858 ex
711 3795 832 3858 nostris
853 3795 1083 3879 cognominata
1107 3794 1185 3878 fuit,
1218 3815 1238 3857 a
1259 3817 1342 3859 non-

224 3890 323 3956 nullis
346 3915 425 3958 vero
444 3893 510 3958 sibi
530 3895 570 3983 [l]
595 3895 657 3959 hoc
679 3916 796 3958 nomen
818 3895 930 3958 datum
950 3895 1028 3979 fuit,
1047 3895 1135 3983 quod
1150 3895 1237 3982 apud
1252 3894 1342 3960 Aeo-

224 3990 272 4068 lcs
294 3993 386 4079 prius
408 3992 559 4079 habebat,
580 3995 734 4060 videlicet
756 4001 835 4059 ouu’
857 4006 889 4060 et
909 4020 941 4083 q.
963 4019 989 4060 s.

308 4092 384 4158 Vid.
412 4095 570 4161 Ritschel.
598 4097 638 4162 de
665 4096 805 4162 Varron.
832 4096 995 4184 disciplin.
1025 4097 1118 4163 libris
1149 4120 1182 4184 p.
1209 4099 1262 4162 27.
1297 4138 1344 4148 —

292 4316 318 4382 l)
336 4316 379 4368 cl.
397 4318 513 4383 Rocper.
533 4318 561 4368 in
578 4318 711 4371 Zeitschr.
730 4320 750 4370 f.
769 4321 837 4371 Aw.
856 4321 882 4373 X
902 4320 970 4373 1852
986 4337 1012 4391 p.
1033 4319 1095 4375 436.
1114 4320 1177 4377 437.
