2962 5018
249 345 312 409 266

248 514 513 576 existimatorem.
538 510 807 575 0101111011
822 511 862 574 de
870 509 1060 575 Aristarcho
1067 509 1298 597 Aristophanis
1313 514 1362 576 in·

246 623 389 700 terprete
413 614 533 698 (Bonn.
560 613 655 699 1850)
680 635 712 699 p.
736 612 795 675 lV.

334 714 438 779 Usum
464 722 614 778 notarum
633 714 819 778 criticamm
846 714 879 776 in
900 712 950 776 his
975 712 1108 778 scholiis
1130 712 1288 779 latissime
1306 739 1364 804 pa·

248 825 317 881 tere
345 817 410 879 iam
434 814 593 879 Valcken.
617 815 659 879 ad
681 813 782 879 schol.
805 815 885 878 Eur.
909 813 1032 877 Phoen.
1054 836 1087 900 p.
1116 819 1157 879 49
1179 820 1361 906 perspexit,

248 919 399 1004 idemque
421 915 523 981 schol.
544 917 584 981 R.
608 916 651 980 ad
667 915 719 980 El.
740 921 801 982 653
821 910 988 1000 ἀμφέπειν
1012 916 1059 980 sic
1076 917 1244 982 emendat:
1266 915 1305 982 τὸ
1329 944 1359 1003 χ.

247 1016 285 1084 τὸ
315 1014 380 1104 γὰρ
406 1014 559 1084 εὐθετεῖν
587 1019 734 1101 διέπειν,
761 1015 933 1100 περιέπειν
956 1016 992 1082 δὲ
1015 1012 1052 1080 τό
1076 1020 1178 1100 φίλον
1198 1014 1275 1083 τινὰ
1295 1043 1363 1084 κν-

247 1124 379 1209 nepveu
395 1121 450 1185 καὶ
472 1118 638 1186 οιιίπτειν.
660 1157 703 1169 —-
725 1119 765 1183 In
788 1119 920 1183 scholiis
940 1118 1060 1183 nostris
1081 1113 1118 1183 τὸ
1141 1142 1161 1202 χ
1183 1118 1362 1185 duodecies

246 1223 407 1309 reperitur
429 1222 629 1308 adscriptum
642 1220 712 1284 00.
737 1223 776 1282 25
797 1216 1003 1303 ἐμπόρων,
1026 1218 1070 1283 cf.
1092 1220 1192 1284 schol.
1216 1221 1306 1287 Flor.
1323 1226 1363 1284 15

247 1322 290 1387 ad
311 1323 391 1386 Eur.
425 1323 498 1387 Alc.
531 1326 612 1386 1009
644 1322 709 1387 vol.
733 1319 816 1408 Vp.
839 1323 900 1385 539
923 1321 1057 1403 Matth.;
1091 1322 1160 1386 00.
1195 1326 1235 1386 43
1269 1325 1361 1400 νίν;

250 1429 330 1488 1740
357 1428 492 1507 σφῶϊν
518 1424 673 1510 (31490),
702 1428 763 1488 375
789 1422 863 1487 coll.
886 1422 988 1487 schol.
1011 1422 1090 1486 Eur.
1117 1422 1240 1487 Phoen.
1262 1430 1300 1487 71
1326 1448 1360 1511 p.

248 1526 284 1586 21
300 1524 435 1608 1111010,
462 1528 558 1608 1494,
581 1525 659 1588 Ant.
674 1528 746 1590 735.
762 1529 832 1589 741.
856 1525 910 1588 Ai.
923 1526 985 1588 962
998 1523 1175 1609 βλέποντα,
1198 1525 1241 1589 cf.
1256 1525 1361 1590 schol.

249 1627 329 1690 Eur.
352 1624 429 1690 Tro.
454 1630 514 1690 634
537 1625 640 1691 Dind.
665 1624 776 1712 Steph.
799 1626 882 1690 thes.
904 1625 968 1690 111
997 1650 1028 1712 p.
1053 1627 1111 1688 281
1134 1625 1195 1708 D.;
1218 1625 1363 1692 Philoct.

248 1731 306 1792 201
331 1720 502 1810 εὕοτομ’
524 1729 606 1810 ἔχε,
626 1729 688 1791 342
710 1728 753 1792 01.
767 1727 878 1792 Wolff.
903 1751 935 1814 p.
950 1728 1001 1809 28,
1026 1749 1120 1813 quem
1143 1727 1263 1791 falsum
1287 1750 1363 1793 esse

247 1832 411 1916 suspicor:
441 1851 516 1892 nam
538 1851 722 1916 synonyma
751 1830 843 1893 iuxta
864 1830 971 1915 posita
997 1823 1184 1893 eiusdemve
1205 1827 1363 1893 vocabuli

246 1930 452 1995 iterationem
472 1933 550 2017 τῷχ
572 1930 729 1994 notabant
745 1939 874 1993 veteres
889 1930 1005 1994 critici.
1035 1929 1120 1993 Phil.
1143 1933 1222 2012 4173
1238 1928 1362 1994 Trach.

248 2033 321 2095 402.
372 2033 418 2094 Α1
444 2031 546 2095 multo
573 2031 668 2117 plura
698 2039 872 2115 supersunt
900 2038 1049 2095 notarum
1080 2031 1269 2094 criticorum
1302 2032 1363 2095 im-

249 2154 364 2220 pressa
385 2131 518 2196 scholiis
540 2133 660 2195 nostris
682 2132 839 2214 vestigia,
862 2130 949 2218 quod
969 2130 1139 2195 Wolffium
1161 2131 1289 2217 fugisse
1311 2135 1363 2197 vi·

247 2234 351 2297 detur.
396 2233 461 2297 Hie
480 2233 565 2297 enim
588 2254 620 2318 p.
653 2237 690 2294 17
716 2230 810 2314 inde,
847 2232 933 2317 quod
962 2231 1049 2296 haud
1080 2254 1154 2297 raro
1181 2233 1363 2320 proverbia

248 2334 457 2416 afferrentur,
485 2336 519 2397 in
542 2332 642 2397 schol.
668 2333 727 2396 La.
756 2332 799 2395 ad
821 2332 890 2396 00.
913 2336 975 2396 954
997 2332 1074 2397 Ant.
1098 2337 1155 2397 631
1183 2334 1277 2420 (781)
1301 2335 1360 2399 Τ1.

251 2439 289 2500 13
311 2436 451 2500 111746.
468 2438 539 2500 786.
560 2438 640 2498 1039
658 2433 871 2498 Philoctete
893 2433 946 2497 El.
966 2435 1024 2498 188
1047 2456 1113 2498 non
1134 2433 1362 2522 improbabili-

244 2548 295 2603 ter
315 2538 513 2625 Didymum‚
536 2559 632 2623 quem
653 2558 725 2599 cum
745 2535 920 2621 proverbia
941 2536 1113 2622 collegisse
1136 2539 1267 2620 seimus,
1289 2548 1360 2603 tum

247 2640 290 2705 ad
318 2640 398 2704 Eur.
424 2639 506 2704 Hec.
532 2642 593 2703 870
620 2638 679 2701 Ar.
701 2638 784 2701 Ran.
812 2641 873 2700 997
897 2637 1010 2723 (1001)
1039 2637 1174 2702 laudare
1196 2639 1359 2723 videmus,

246 2741 361 2806 horum
383 2741 686 2806 adnotamentorum
708 2749 873 2803 auctorem
894 2738 957 2803 sibi
980 2747 1123 2804 statuere
1144 2763 1241 2828 posse
1264 2745 1360 2807 visus

246 2851 306 2906 est.
344 2842 446 2928 Atqui
465 2840 640 2927 proverbia
661 2842 725 2903 ista
745 2840 892 2926 quisquis
913 2839 1022 2904 attulit
1044 2841 1155 2926 (atque
1173 2862 1193 2904 a
1210 2842 1360 2930 Didymo

245 2942 346 3006 allata
371 2964 443 3006 esse
465 2942 599 3007 Wolffio
628 2941 820 3025 assentior),
849 2942 876 3005 is
905 2950 1057 3005 nontam
1080 2942 1267 3028 interpretis
1289 2969 1359 3011 mu-

245 3065 323 3106 nere
346 3041 487 3126 fungens
509 3052 662 3129 tanquam
683 3041 790 3123 locos,
812 3044 975 3124 1111111111,
999 3042 1172 3129 parallelos
1195 3050 1360 3131 apposuit,

246 3164 343 3228 quam
369 3151 406 3205 ut
437 3153 532 3207 notae
559 3145 710 3225 criticae,
739 3145 860 3227 rori-x,
893 3145 1003 3208 versui
1029 3145 1177 3231 appictae
1206 3167 1360 3213 caussam

246 3243 398 3329 aperiret.
444 3242 602 3330 Numqui
624 3244 809 3309 fabularum
831 3267 946 3309 versus
969 3246 1003 3308 in
1024 3246 1235 3331 proverbium
1250 3271 1359 3314 cesse-

246 3354 323 3408 runt
343 3366 364 3407 a
385 3344 507 3409 criticis
528 3345 762 3410 Alexandrinis
785 3346 924 3410 indicari
944 3356 978 3411 et
1004 3348 1111 3411 notari
1131 3348 1294 3434 solebant,
1323 3352 1360 3415 id

247 3447 333 3533 quod
352 3445 507 3511 discimus
530 3471 547 3512 e
568 3447 669 3512 schol.
691 3448 734 3511 ad
746 3447 826 3513 Eur.
848 3449 953 3513 Andr.
974 3452 1032 3511 911
1056 3444 1094 3512 τὸ
1117 3473 1146 3531 χ,
1169 3443 1221 3514 ὅτι
1244 3443 1261 3514 ὁ
1284 3456 1360 3515 στί-

246 3570 302 3630 χος
325 3549 371 3624 είς
393 3552 576 3632 παροιμίαν
597 3545 757 3632 μετήχθη,
782 3554 816 3613 εί
833 3572 882 3625 τις
904 3543 1115 3627 eversarum.
1162 3551 1223 3614 Oui
1245 3550 1360 3616 obser-

247 3650 371 3713 vationi
393 3647 560 3714 simillima
582 3659 689 3713 exstat
710 3651 745 3713 in
766 3650 866 3715 schol.
884 3651 944 3714 La.
966 3652 1008 3716 ad
1031 3652 1129 3738 Soph.
1146 3652 1199 3715 Ai.
1224 3655 1286 3715 746
1309 3655 1359 3730 εἰς

247 3752 430 3833 παροιμίαν
451 3743 469 3813 ὁ
490 3753 601 3833 στίχος
613 3754 788 3833 παρῆκται,
812 3744 856 3834 ἣν
876 3748 932 3814 uel
942 3745 1184 3835 Ἀριστοφάνης
1205 3746 1359 3835 ἀναγρά-

246 3874 314 3933 φει.
359 3850 409 3916 Ae
437 3849 539 3915 verbo
568 3844 780 3934 ἀναγράφειν
799 3852 839 3917 de
861 3853 1005 3916 metricis
1025 3861 1149 3915 tantum
1169 3855 1359 3938 proverbiis

245 3951 287 4016 ab
306 3951 526 4038 Aristophane
554 3952 589 4013 in
615 3951 798 4037 catalogum
822 3952 933 4017 relatis
955 3955 1106 4039 usurpari
1133 3952 1212 4016 mihi
1244 3953 1359 4021 obser-

243 4074 340 4117 vasse
367 4052 500 4133 videor,
528 4059 564 4114 ut
585 4074 699 4115 verum
721 4052 842 4116 viderit
863 4052 1130 4117 Schneidewinus
1159 4052 1199 4115 de
1222 4075 1359 4138 prover-

243 4151 298 4218 bio
325 4150 409 4234 μέμα
435 4161 559 4233 φρονεῖ
581 4153 726 4236 μᾶλλον,
755 4146 776 4237 ἢ
797 4147 931 4236 Πηλεὺς
954 4151 1006 4217 ἐπὶ
1028 4156 1068 4236 τῇ
1089 4154 1242 4237 μαχαίρᾳ.
1289 4155 1357 4222 Ne-

244 4276 308 4341 que
333 4254 437 4339 magis
456 4251 611 4317 Wolsfius
631 4273 664 4340 p.
690 4256 726 4317 18
749 4256 934 4345 perspexit,
957 4254 1036 4344 quid
1058 4252 1120 4316 sibi
1142 4252 1225 4317 tales
1248 4256 1360 4327 velint
