<?xml version="1.0" encoding="UTF-8"?>
<!DOCTYPE html PUBLIC "-//W3C//DTD XHTML 1.0 Transitional//EN"
    "http://www.w3.org/TR/xhtml1/DTD/xhtml1-transitional.dtd">
<html xmlns="http://www.w3.org/1999/xhtml" xml:lang="en" lang="en">
 <head>
  <title>
</title>
<meta http-equiv="Content-Type" content="text/html;charset=utf-8" />
  <meta name='ocr-system' content='tesseract 3.04.00' />
  <meta name='ocr-capabilities' content='ocr_page ocr_carea ocr_par ocr_line ocrx_word'/>
</head>
<body>
  <div class='ocr_page' id='page_1' title='image "./didymichalcente00schmgoog_0324.png"; bbox 0 0 2962 5018; ppageno 0'>
   <div class='ocr_carea' id='block_1_1' title="bbox 1185 430 1246 490">
    <p class='ocr_par' dir='ltr' id='par_1_1' title="bbox 1185 430 1246 490">
     <span class='ocr_line' id='line_1_1' title="bbox 1185 430 1246 490; baseline 0 0"><span class='ocrx_word' id='word_1_1' title='bbox 1185 430 1246 490; x_wconf 89' lang='grc'>305</span> 
     </span>
    </p>
   </div>
   <div class='ocr_carea' id='block_1_2' title="bbox 133 582 1248 2470">
    <p class='ocr_par' dir='ltr' id='par_1_2' title="bbox 133 582 1248 2470">
     <span class='ocr_line' id='line_1_2' title="bbox 136 582 1246 676; baseline 0.008 -30"><span class='ocrx_word' id='word_1_2' title='bbox 136 584 206 670; x_wconf 84' lang='lat' dir='ltr'>ipsc</span> <span class='ocrx_word' id='word_1_3' title='bbox 224 582 364 668; x_wconf 86' lang='lat' dir='ltr'>arbitrer</span> <span class='ocrx_word' id='word_1_4' title='bbox 384 584 425 649; x_wconf 88' lang='lat' dir='ltr'>de</span> <span class='ocrx_word' id='word_1_5' title='bbox 447 585 621 671; x_wconf 87' lang='lat' dir='ltr'>magadide</span> <span class='ocrx_word' id='word_1_6' title='bbox 641 608 662 650; x_wconf 91' lang='lat' dir='ltr'>a</span> <span class='ocrx_word' id='word_1_7' title='bbox 683 587 829 673; x_wconf 89' lang='lat' dir='ltr'>Didymo</span> <span class='ocrx_word' id='word_1_8' title='bbox 851 591 1037 676; x_wconf 84' lang='lat' dir='ltr'>expositum</span> <span class='ocrx_word' id='word_1_9' title='bbox 1060 589 1177 674; x_wconf 85' lang='lat' dir='ltr'>fuisse,</span> <span class='ocrx_word' id='word_1_10' title='bbox 1198 614 1246 657; x_wconf 91' lang='lat' dir='ltr'>re-</span> 
     </span>
     <span class='ocr_line' id='line_1_3' title="bbox 137 681 1246 774; baseline 0.01 -28"><span class='ocrx_word' id='word_1_11' title='bbox 137 684 282 769; x_wconf 82' lang='lat' dir='ltr'>spondeo</span> <span class='ocrx_word' id='word_1_12' title='bbox 308 682 345 746; x_wconf 77' lang='grc' dir='ltr'><strong><em>ίν</em></strong></span> <span class='ocrx_word' id='word_1_13' title='bbox 374 695 445 761; x_wconf 84' lang='grc' dir='ltr'><strong><em>ταῖς</em></strong></span> <span class='ocrx_word' id='word_1_14' title='bbox 470 681 554 768; x_wconf 80' lang='grc' dir='ltr'><strong><em>πρὸς</em></strong></span> <span class='ocrx_word' id='word_1_15' title='bbox 572 681 688 769; x_wconf 73' lang='grc' dir='ltr'><strong><em>’λώβαν</em></strong></span> <span class='ocrx_word' id='word_1_16' title='bbox 721 681 1022 774; x_wconf 61' lang='grc' dir='ltr'><strong><em>ἆντεξηγήσεσινξ).</em></strong></span> <span class='ocrx_word' id='word_1_17' title='bbox 1066 691 1144 755; x_wconf 87' lang='lat' dir='ltr'><strong>Fuit</strong></span> <span class='ocrx_word' id='word_1_18' title='bbox 1171 714 1246 756; x_wconf 91' lang='lat' dir='ltr'>cum</span> 
     </span>
     <span class='ocr_line' id='line_1_4' title="bbox 135 783 1245 875; baseline 0.008 -28"><span class='ocrx_word' id='word_1_19' title='bbox 135 783 220 867; x_wconf 83' lang='grc' dir='ltr'><strong><em>πρὸς</em></strong></span> <span class='ocrx_word' id='word_1_20' title='bbox 246 787 452 865; x_wconf 61' lang='lat' dir='ltr'>armatum</span> <span class='ocrx_word' id='word_1_21' title='bbox 478 786 662 870; x_wconf 86' lang='lat' dir='ltr'>suspicarer</span> <span class='ocrx_word' id='word_1_22' title='bbox 693 788 871 874; x_wconf 87' lang='lat' dir='ltr'>antiquitus</span> <span class='ocrx_word' id='word_1_23' title='bbox 903 791 1059 874; x_wconf 88' lang='lat' dir='ltr'>scriptum</span> <span class='ocrx_word' id='word_1_24' title='bbox 1086 792 1245 875; x_wconf 81' lang='lat' dir='ltr'>extitisse,</span> 
     </span>
     <span class='ocr_line' id='line_1_5' title="bbox 135 885 1244 975; baseline 0.005 -24"><span class='ocrx_word' id='word_1_25' title='bbox 135 896 168 951; x_wconf 87' lang='lat' dir='ltr'>at</span> <span class='ocrx_word' id='word_1_26' title='bbox 196 908 282 950; x_wconf 89' lang='lat' dir='ltr'>nune</span> <span class='ocrx_word' id='word_1_27' title='bbox 312 885 416 949; x_wconf 90' lang='lat' dir='ltr'>lenior</span> <span class='ocrx_word' id='word_1_28' title='bbox 443 885 501 949; x_wconf 91' lang='lat' dir='ltr'>illa</span> <span class='ocrx_word' id='word_1_29' title='bbox 523 887 667 968; x_wconf 88' lang='lat' dir='ltr'>videtur,</span> <span class='ocrx_word' id='word_1_30' title='bbox 696 910 793 974; x_wconf 89' lang='lat' dir='ltr'>quam</span> <span class='ocrx_word' id='word_1_31' title='bbox 814 891 1020 975; x_wconf 81' lang='lat' dir='ltr'>praeoptavi,</span> <span class='ocrx_word' id='word_1_32' title='bbox 1050 892 1244 958; x_wconf 76' lang='lat' dir='ltr'>emendatio.</span> 
     </span>
     <span class='ocr_line' id='line_1_6' title="bbox 135 984 1245 1073; baseline 0.005 -22"><span class='ocrx_word' id='word_1_33' title='bbox 135 989 293 1052; x_wconf 79' lang='lat' dir='ltr'>Batonem</span> <span class='ocrx_word' id='word_1_34' title='bbox 317 987 531 1071; x_wconf 81' lang='lat' dir='ltr'>Sinopensem</span> <span class='ocrx_word' id='word_1_35' title='bbox 558 985 596 1051; x_wconf 83' lang='grc' dir='ltr'><strong><em>ἐν</em></strong></span> <span class='ocrx_word' id='word_1_36' title='bbox 617 999 687 1065; x_wconf 79' lang='grc' dir='ltr'><strong><em>τοῖς</em></strong></span> <span class='ocrx_word' id='word_1_37' title='bbox 707 987 783 1073; x_wconf 80' lang='grc' dir='ltr'><strong><em>περὶ</em></strong></span> <span class='ocrx_word' id='word_1_38' title='bbox 795 984 911 1068; x_wconf 81' lang='grc' dir='ltr'><strong><em>Ἴωνος</em></strong></span> <span class='ocrx_word' id='word_1_39' title='bbox 934 990 1045 1055; x_wconf 85' lang='lat' dir='ltr'>laudat</span> <span class='ocrx_word' id='word_1_40' title='bbox 1066 990 1186 1056; x_wconf 87' lang='lat' dir='ltr'>Athen.</span> <span class='ocrx_word' id='word_1_41' title='bbox 1211 992 1245 1056; x_wconf 89' lang='lat' dir='ltr'>X</span> 
     </span>
     <span class='ocr_line' id='line_1_7' title="bbox 134 1087 1245 1176; baseline 0.005 -25"><span class='ocrx_word' id='word_1_42' title='bbox 134 1111 167 1175; x_wconf 89' lang='lat' dir='ltr'>p.</span> <span class='ocrx_word' id='word_1_43' title='bbox 187 1091 248 1152; x_wconf 88' lang='grc'>437</span> <span class='ocrx_word' id='word_1_44' title='bbox 261 1088 299 1171; x_wconf 85' lang='lat' dir='ltr'>F,</span> <span class='ocrx_word' id='word_1_45' title='bbox 321 1087 365 1152; x_wconf 90' lang='lat' dir='ltr'>ef.</span> <span class='ocrx_word' id='word_1_46' title='bbox 392 1088 565 1153; x_wconf 87' lang='lat' dir='ltr'>Wcsterm.</span> <span class='ocrx_word' id='word_1_47' title='bbox 585 1090 629 1153; x_wconf 97' lang='lat' dir='ltr'>ad</span> <span class='ocrx_word' id='word_1_48' title='bbox 651 1089 747 1154; x_wconf 91' lang='lat' dir='ltr'>Voss.</span> <span class='ocrx_word' id='word_1_49' title='bbox 771 1090 803 1154; x_wconf 94' lang='lat' dir='ltr'>h.</span> <span class='ocrx_word' id='word_1_50' title='bbox 827 1091 885 1155; x_wconf 85' lang='lat' dir='ltr'>Gr.</span> <span class='ocrx_word' id='word_1_51' title='bbox 909 1114 941 1176; x_wconf 93' lang='lat' dir='ltr'>p.</span> <span class='ocrx_word' id='word_1_52' title='bbox 965 1094 1026 1154; x_wconf 79' lang='lat'>408</span> <span class='ocrx_word' id='word_1_53' title='bbox 1057 1091 1094 1156; x_wconf 87' lang='lat' dir='ltr'>C.</span> <span class='ocrx_word' id='word_1_54' title='bbox 1110 1091 1245 1157; x_wconf 88' lang='lat' dir='ltr'>Nieber-</span> 
     </span>
     <span class='ocr_line' id='line_1_8' title="bbox 137 1188 1246 1280; baseline 0.006 -29"><span class='ocrx_word' id='word_1_55' title='bbox 137 1188 226 1273; x_wconf 85' lang='lat' dir='ltr'>ding.</span> <span class='ocrx_word' id='word_1_56' title='bbox 253 1189 293 1252; x_wconf 90' lang='lat' dir='ltr'>dc</span> <span class='ocrx_word' id='word_1_57' title='bbox 306 1188 377 1253; x_wconf 92' lang='lat' dir='ltr'>lon.</span> <span class='ocrx_word' id='word_1_58' title='bbox 400 1213 432 1275; x_wconf 89' lang='lat' dir='ltr'>p.</span> <span class='ocrx_word' id='word_1_59' title='bbox 458 1193 495 1253; x_wconf 86' lang='grc'>16</span> <span class='ocrx_word' id='word_1_60' title='bbox 518 1212 588 1276; x_wconf 85' lang='lat' dir='ltr'><strong>sqq.</strong></span> <span class='ocrx_word' id='word_1_61' title='bbox 611 1189 662 1253; x_wconf 89' lang='lat' dir='ltr'>Dc</span> <span class='ocrx_word' id='word_1_62' title='bbox 685 1193 849 1256; x_wconf 80' lang='lat' dir='ltr'>simultate</span> <span class='ocrx_word' id='word_1_63' title='bbox 871 1213 949 1256; x_wconf 88' lang='lat' dir='ltr'>vero</span> <span class='ocrx_word' id='word_1_64' title='bbox 968 1191 1127 1276; x_wconf 89' lang='lat' dir='ltr'>literaria,</span> <span class='ocrx_word' id='word_1_65' title='bbox 1150 1216 1246 1280; x_wconf 88' lang='lat' dir='ltr'>quam</span> 
     </span>
     <span class='ocr_line' id='line_1_9' title="bbox 134 1288 1246 1375; baseline 0.004 -22"><span class='ocrx_word' id='word_1_66' title='bbox 134 1311 207 1353; x_wconf 91' lang='lat' dir='ltr'>cum</span> <span class='ocrx_word' id='word_1_67' title='bbox 236 1288 316 1353; x_wconf 90' lang='lat' dir='ltr'>Ioba</span> <span class='ocrx_word' id='word_1_68' title='bbox 343 1289 508 1375; x_wconf 87' lang='lat' dir='ltr'>Didymus</span> <span class='ocrx_word' id='word_1_69' title='bbox 537 1290 728 1373; x_wconf 86' lang='lat' dir='ltr'>exercebat,</span> <span class='ocrx_word' id='word_1_70' title='bbox 761 1293 916 1356; x_wconf 85' lang='lat' dir='ltr'>certiores</span> <span class='ocrx_word' id='word_1_71' title='bbox 943 1314 1002 1358; x_wconf 92' lang='lat' dir='ltr'>nos</span> <span class='ocrx_word' id='word_1_72' title='bbox 1026 1292 1105 1358; x_wconf 88' lang='lat' dir='ltr'>facit</span> <span class='ocrx_word' id='word_1_73' title='bbox 1128 1292 1246 1358; x_wconf 84' lang='lat' dir='ltr'>Suidas</span> 
     </span>
     <span class='ocr_line' id='line_1_10' title="bbox 135 1384 1245 1482; baseline 0.006 -29"><span class='ocrx_word' id='word_1_74' title='bbox 135 1413 166 1453; x_wconf 91' lang='lat' dir='ltr'>v.</span> <span class='ocrx_word' id='word_1_75' title='bbox 188 1384 301 1475; x_wconf 80' lang='grc' dir='ltr'><em>Ἰόβας.</em></span> <span class='ocrx_word' id='word_1_76' title='bbox 336 1389 428 1470; x_wconf 82' lang='lat' dir='ltr'>Quae</span> <span class='ocrx_word' id='word_1_77' title='bbox 451 1399 564 1455; x_wconf 89' lang='lat' dir='ltr'>nostra</span> <span class='ocrx_word' id='word_1_78' title='bbox 585 1392 767 1458; x_wconf 88' lang='lat' dir='ltr'>emendatio</span> <span class='ocrx_word' id='word_1_79' title='bbox 788 1394 816 1456; x_wconf 85' lang='lat' dir='ltr'>si</span> <span class='ocrx_word' id='word_1_80' title='bbox 838 1414 906 1455; x_wconf 90' lang='lat' dir='ltr'>rem</span> <span class='ocrx_word' id='word_1_81' title='bbox 926 1414 987 1457; x_wconf 86' lang='lat' dir='ltr'>acu</span> <span class='ocrx_word' id='word_1_82' title='bbox 1008 1395 1123 1478; x_wconf 87' lang='lat' dir='ltr'>tangit,</span> <span class='ocrx_word' id='word_1_83' title='bbox 1141 1395 1245 1482; x_wconf 91' lang='lat' dir='ltr'>Didy-</span> 
     </span>
     <span class='ocr_line' id='line_1_11' title="bbox 134 1490 1246 1579; baseline 0.006 -25"><span class='ocrx_word' id='word_1_84' title='bbox 134 1513 206 1555; x_wconf 91' lang='lat' dir='ltr'>mus</span> <span class='ocrx_word' id='word_1_85' title='bbox 228 1491 368 1555; x_wconf 86' lang='lat' dir='ltr'>fortasse</span> <span class='ocrx_word' id='word_1_86' title='bbox 387 1490 556 1555; x_wconf 85' lang='lat' dir='ltr'>historiam</span> <span class='ocrx_word' id='word_1_87' title='bbox 575 1492 676 1557; x_wconf 87' lang='lat' dir='ltr'>Iubae</span> <span class='ocrx_word' id='word_1_88' title='bbox 700 1492 885 1576; x_wconf 78' lang='grc' dir='ltr'><strong><em>θεατρικήν</em></strong></span> <span class='ocrx_word' id='word_1_89' title='bbox 904 1495 1062 1579; x_wconf 81' lang='lat' dir='ltr'>singulari</span> <span class='ocrx_word' id='word_1_90' title='bbox 1082 1494 1165 1560; x_wconf 91' lang='lat' dir='ltr'>libro</span> <span class='ocrx_word' id='word_1_91' title='bbox 1188 1498 1246 1560; x_wconf 93' lang='lat' dir='ltr'>im·</span> 
     </span>
     <span class='ocr_line' id='line_1_12' title="bbox 134 1593 1245 1684; baseline 0.008 -29"><span class='ocrx_word' id='word_1_92' title='bbox 134 1602 356 1678; x_wconf 82' lang='lat' dir='ltr'>pugnaverat,</span> <span class='ocrx_word' id='word_1_93' title='bbox 380 1593 434 1678; x_wconf 88' lang='lat' dir='ltr'>qui</span> <span class='ocrx_word' id='word_1_94' title='bbox 451 1593 533 1657; x_wconf 89' lang='lat' dir='ltr'>libro</span> <span class='ocrx_word' id='word_1_95' title='bbox 554 1604 668 1679; x_wconf 89' lang='lat' dir='ltr'>quarto</span> <span class='ocrx_word' id='word_1_96' title='bbox 691 1595 732 1659; x_wconf 93' lang='lat' dir='ltr'>de</span> <span class='ocrx_word' id='word_1_97' title='bbox 748 1596 880 1679; x_wconf 86' lang='lat' dir='ltr'>organis</span> <span class='ocrx_word' id='word_1_98' title='bbox 902 1597 1036 1660; x_wconf 82' lang='lat' dir='ltr'>musicis</span> <span class='ocrx_word' id='word_1_99' title='bbox 1059 1599 1245 1684; x_wconf 89' lang='lat' dir='ltr'>disputave-</span> 
     </span>
     <span class='ocr_line' id='line_1_13' title="bbox 133 1692 1246 1784; baseline 0.007 -28"><span class='ocrx_word' id='word_1_100' title='bbox 133 1702 192 1774; x_wconf 86' lang='lat' dir='ltr'>rat,</span> <span class='ocrx_word' id='word_1_101' title='bbox 213 1692 255 1757; x_wconf 87' lang='lat' dir='ltr'>cf.</span> <span class='ocrx_word' id='word_1_102' title='bbox 277 1692 426 1756; x_wconf 86' lang='lat' dir='ltr'>Mueller.</span> <span class='ocrx_word' id='word_1_103' title='bbox 448 1694 488 1756; x_wconf 90' lang='lat' dir='ltr'>fr.</span> <span class='ocrx_word' id='word_1_104' title='bbox 511 1693 586 1758; x_wconf 89' lang='lat' dir='ltr'>hist.</span> <span class='ocrx_word' id='word_1_105' title='bbox 611 1696 668 1759; x_wconf 77' lang='lat' dir='ltr'>Gr.</span> <span class='ocrx_word' id='word_1_106' title='bbox 693 1696 745 1759; x_wconf 92' lang='lat' dir='ltr'>Ill</span> <span class='ocrx_word' id='word_1_107' title='bbox 768 1719 799 1781; x_wconf 92' lang='lat' dir='ltr'>p.</span> <span class='ocrx_word' id='word_1_108' title='bbox 823 1699 896 1760; x_wconf 81' lang='lat'>481.</span> <span class='ocrx_word' id='word_1_109' title='bbox 919 1699 992 1761; x_wconf 80' lang='lat'>482.</span> <span class='ocrx_word' id='word_1_110' title='bbox 1036 1702 1145 1784; x_wconf 87' lang='lat' dir='ltr'>Atque</span> <span class='ocrx_word' id='word_1_111' title='bbox 1165 1698 1246 1764; x_wconf 89' lang='lat' dir='ltr'>haec</span> 
     </span>
     <span class='ocr_line' id='line_1_14' title="bbox 136 1794 1247 1883; baseline 0.006 -26"><span class='ocrx_word' id='word_1_112' title='bbox 136 1794 208 1881; x_wconf 92' lang='lat' dir='ltr'>ipsa</span> <span class='ocrx_word' id='word_1_113' title='bbox 236 1795 379 1880; x_wconf 84' lang='lat' dir='ltr'>suspicio</span> <span class='ocrx_word' id='word_1_114' title='bbox 403 1794 641 1881; x_wconf 87' lang='lat' dir='ltr'>quodammodo</span> <span class='ocrx_word' id='word_1_115' title='bbox 670 1795 833 1861; x_wconf 84' lang='lat' dir='ltr'>stabilitur</span> <span class='ocrx_word' id='word_1_116' title='bbox 862 1808 904 1861; x_wconf 90' lang='lat' dir='ltr'>et.</span> <span class='ocrx_word' id='word_1_117' title='bbox 933 1821 974 1861; x_wconf 92' lang='lat' dir='ltr'>m.</span> <span class='ocrx_word' id='word_1_118' title='bbox 1004 1801 1075 1881; x_wconf 82' lang='lat'>201,</span> <span class='ocrx_word' id='word_1_119' title='bbox 1102 1804 1122 1861; x_wconf 84' lang='lat'>4</span> <span class='ocrx_word' id='word_1_120' title='bbox 1155 1802 1247 1883; x_wconf 79' lang='grc' dir='ltr'><strong><em>βλί-</em></strong></span> 
     </span>
     <span class='ocr_line' id='line_1_15' title="bbox 134 1889 1247 1983; baseline 0.004 -24"><span class='ocrx_word' id='word_1_121' title='bbox 134 1917 245 1977; x_wconf 91' lang='grc' dir='ltr'><strong><em>τυρι·</em></strong></span> <span class='ocrx_word' id='word_1_122' title='bbox 267 1930 308 1940; x_wconf 94' lang='lat'><em>-</em></span> <span class='ocrx_word' id='word_1_123' title='bbox 327 1889 431 1979; x_wconf 79' lang='grc' dir='ltr'><strong><em>Ἰόβας</em></strong></span> <span class='ocrx_word' id='word_1_124' title='bbox 454 1894 490 1961; x_wconf 77' lang='grc' dir='ltr'>δὲ</span> <span class='ocrx_word' id='word_1_125' title='bbox 513 1892 573 1961; x_wconf 90' lang='grc' dir='ltr'><strong><em>τόν</em></strong></span> <span class='ocrx_word' id='word_1_126' title='bbox 595 1889 785 1973; x_wconf 74' lang='grc' dir='ltr'><strong><em>σκινδαψὸν</em></strong></span> <span class='ocrx_word' id='word_1_127' title='bbox 805 1894 952 1981; x_wconf 86' lang='grc' dir='ltr'><strong><em>ὄργανον</em></strong></span> <span class='ocrx_word' id='word_1_128' title='bbox 973 1894 1139 1983; x_wconf 83' lang='grc' dir='ltr'><strong><em>μουσικὸν</em></strong></span> <span class='ocrx_word' id='word_1_129' title='bbox 1161 1893 1247 1964; x_wconf 84' lang='grc' dir='ltr'><strong><em>ἄπο-</em></strong></span> 
     </span>
     <span class='ocr_line' id='line_1_16' title="bbox 135 1986 1248 2083; baseline 0.002 -24"><span class='ocrx_word' id='word_1_130' title='bbox 135 1996 292 2060; x_wconf 89' lang='grc' dir='ltr'><strong><em>δίδωσιν·</em></strong></span> <span class='ocrx_word' id='word_1_131' title='bbox 319 1991 355 2060; x_wconf 86' lang='grc' dir='ltr'><strong><em>τδ</em></strong></span> <span class='ocrx_word' id='word_1_132' title='bbox 379 1991 416 2061; x_wconf 78' lang='grc' dir='ltr'>δὲ</span> <span class='ocrx_word' id='word_1_133' title='bbox 437 2001 571 2081; x_wconf 76' lang='grc' dir='ltr'><strong><em>βλίτυρι</em></strong></span> <span class='ocrx_word' id='word_1_134' title='bbox 591 1999 714 2082; x_wconf 77' lang='grc' dir='ltr'><strong><em>χορδῆς</em></strong></span> <span class='ocrx_word' id='word_1_135' title='bbox 731 2001 875 2083; x_wconf 87' lang='grc' dir='ltr'><strong><em>μίμημα·</em></strong></span> <span class='ocrx_word' id='word_1_136' title='bbox 897 1995 972 2064; x_wconf 80' lang='grc' dir='ltr'><strong><em>οὐκ</em></strong></span> <span class='ocrx_word' id='word_1_137' title='bbox 991 1986 1052 2082; x_wconf 81' lang='grc' dir='ltr'>εὖ,</span> <span class='ocrx_word' id='word_1_138' title='bbox 1074 1998 1131 2062; x_wconf 91' lang='lat' dir='ltr'>ubi</span> <span class='ocrx_word' id='word_1_139' title='bbox 1152 1999 1248 2063; x_wconf 63' lang='lat' dir='ltr'>vides,</span> 
     </span>
     <span class='ocr_line' id='line_1_17' title="bbox 135 2096 1245 2188; baseline 0.002 -28"><span class='ocrx_word' id='word_1_140' title='bbox 135 2096 286 2162; x_wconf 90' lang='lat' dir='ltr'>similiter</span> <span class='ocrx_word' id='word_1_141' title='bbox 310 2108 407 2184; x_wconf 89' lang='lat' dir='ltr'>atque</span> <span class='ocrx_word' id='word_1_142' title='bbox 427 2100 459 2162; x_wconf 92' lang='lat' dir='ltr'>in</span> <span class='ocrx_word' id='word_1_143' title='bbox 483 2122 521 2164; x_wconf 93' lang='lat' dir='ltr'>eo</span> <span class='ocrx_word' id='word_1_144' title='bbox 545 2099 631 2182; x_wconf 90' lang='lat' dir='ltr'>loeo,</span> <span class='ocrx_word' id='word_1_145' title='bbox 660 2099 747 2164; x_wconf 90' lang='lat' dir='ltr'>unde</span> <span class='ocrx_word' id='word_1_146' title='bbox 768 2100 957 2188; x_wconf 86' lang='lat' dir='ltr'>disputandi</span> <span class='ocrx_word' id='word_1_147' title='bbox 976 2100 1147 2167; x_wconf 85' lang='lat' dir='ltr'>exordium</span> <span class='ocrx_word' id='word_1_148' title='bbox 1168 2098 1245 2164; x_wconf 83' lang='lat' dir='ltr'>feci-</span> 
     </span>
     <span class='ocr_line' id='line_1_18' title="bbox 134 2189 1246 2286; baseline 0.004 -26"><span class='ocrx_word' id='word_1_149' title='bbox 134 2220 215 2280; x_wconf 86' lang='lat' dir='ltr'>mus,</span> <span class='ocrx_word' id='word_1_150' title='bbox 236 2210 393 2285; x_wconf 84' lang='lat' dir='ltr'>apparere</span> <span class='ocrx_word' id='word_1_151' title='bbox 411 2209 521 2264; x_wconf 86' lang='lat' dir='ltr'>notam</span> <span class='ocrx_word' id='word_1_152' title='bbox 544 2195 606 2264; x_wconf 80' lang='grc' dir='ltr'><strong><em>οὐκ</em></strong></span> <span class='ocrx_word' id='word_1_153' title='bbox 628 2189 678 2283; x_wconf 80' lang='grc' dir='ltr'>εὖ,</span> <span class='ocrx_word' id='word_1_154' title='bbox 696 2222 760 2286; x_wconf 88' lang='lat' dir='ltr'>qua</span> <span class='ocrx_word' id='word_1_155' title='bbox 770 2201 955 2286; x_wconf 86' lang='lat' dir='ltr'>Hesychius</span> <span class='ocrx_word' id='word_1_156' title='bbox 979 2225 1004 2266; x_wconf 89' lang='lat' dir='ltr'>s.</span> <span class='ocrx_word' id='word_1_157' title='bbox 1020 2226 1051 2267; x_wconf 88' lang='lat' dir='ltr'>v.</span> <span class='ocrx_word' id='word_1_158' title='bbox 1070 2197 1246 2285; x_wconf 78' lang='grc' dir='ltr'><strong><em>ῥλιτύριον</em></strong></span> 
     </span>
     <span class='ocr_line' id='line_1_19' title="bbox 134 2302 648 2362; baseline 0.01 -2"><span class='ocrx_word' id='word_1_159' title='bbox 134 2308 235 2362; x_wconf 89' lang='lat' dir='ltr'>caret.</span> <span class='ocrx_word' id='word_1_160' title='bbox 643 2302 648 2310; x_wconf 81' lang='grc'><strong>’</strong></span> 
     </span>
     <span class='ocr_line' id='line_1_20' title="bbox 659 2390 716 2470; baseline 0 -1"><span class='ocrx_word' id='word_1_161' title='bbox 659 2390 716 2470; x_wconf 75' lang='lat' dir='ltr'>ll.</span> 
     </span>
    </p>
   </div>
   <div class='ocr_carea' id='block_1_3' title="bbox 129 2507 1283 3319">
    <p class='ocr_par' dir='ltr' id='par_1_3' title="bbox 129 2507 1283 2918">
     <span class='ocr_line' id='line_1_21' title="bbox 220 2507 1245 2592; baseline 0.001 -4"><span class='ocrx_word' id='word_1_162' title='bbox 220 2524 271 2589; x_wconf 90' lang='lat' dir='ltr'>De</span> <span class='ocrx_word' id='word_1_163' title='bbox 293 2525 419 2590; x_wconf 88' lang='lat' dir='ltr'>Achaei</span> <span class='ocrx_word' id='word_1_164' title='bbox 441 2525 639 2591; x_wconf 84' lang='lat' dir='ltr'>Eretriensis</span> <span class='ocrx_word' id='word_1_165' title='bbox 663 2526 784 2591; x_wconf 88' lang='lat' dir='ltr'>fabulis</span> <span class='ocrx_word' id='word_1_166' title='bbox 806 2507 972 2592; x_wconf 81' lang='lat' dir='ltr'>nonnullis</span> <span class='ocrx_word' id='word_1_167' title='bbox 995 2534 1245 2591; x_wconf 86' lang='lat' dir='ltr'>commentatum</span> 
     </span>
     <span class='ocr_line' id='line_1_22' title="bbox 135 2620 1283 2713; baseline 0 -24"><span class='ocrx_word' id='word_1_168' title='bbox 135 2648 207 2690; x_wconf 88' lang='lat' dir='ltr'>esse</span> <span class='ocrx_word' id='word_1_169' title='bbox 229 2625 409 2713; x_wconf 86' lang='lat' dir='ltr'>Didymum</span> <span class='ocrx_word' id='word_1_170' title='bbox 431 2628 518 2692; x_wconf 90' lang='lat' dir='ltr'>haud</span> <span class='ocrx_word' id='word_1_171' title='bbox 541 2629 608 2693; x_wconf 92' lang='lat' dir='ltr'>scio</span> <span class='ocrx_word' id='word_1_172' title='bbox 630 2649 672 2691; x_wconf 90' lang='lat' dir='ltr'>an</span> <span class='ocrx_word' id='word_1_173' title='bbox 694 2628 845 2693; x_wconf 85' lang='lat' dir='ltr'>concludi</span> <span class='ocrx_word' id='word_1_174' title='bbox 868 2628 965 2692; x_wconf 89' lang='lat' dir='ltr'>liceat</span> <span class='ocrx_word' id='word_1_175' title='bbox 987 2649 1029 2692; x_wconf 83' lang='lat' dir='ltr'>ex</span> <span class='ocrx_word' id='word_1_176' title='bbox 1042 2628 1163 2692; x_wconf 86' lang='lat' dir='ltr'>Athen.</span> <span class='ocrx_word' id='word_1_177' title='bbox 1180 2626 1246 2690; x_wconf 89' lang='lat' dir='ltr'>XV</span> <span class='ocrx_word' id='word_1_178' title='bbox 1280 2620 1283 2626; x_wconf 70' lang='grc'><strong>’</strong></span> 
     </span>
     <span class='ocr_line' id='line_1_23' title="bbox 134 2722 1246 2813; baseline -0.001 -22"><span class='ocrx_word' id='word_1_179' title='bbox 134 2749 166 2811; x_wconf 88' lang='lat' dir='ltr'>p.</span> <span class='ocrx_word' id='word_1_180' title='bbox 192 2729 383 2792; x_wconf 66' lang='lat'>689131013</span> <span class='ocrx_word' id='word_1_181' title='bbox 413 2722 445 2792; x_wconf 84' lang='grc' dir='ltr'>δ’</span> <span class='ocrx_word' id='word_1_182' title='bbox 469 2729 658 2811; x_wconf 77' lang='grc' dir='ltr'><strong><em>Αἰγυπτίου</em></strong></span> <span class='ocrx_word' id='word_1_183' title='bbox 683 2725 796 2813; x_wconf 84' lang='grc' dir='ltr'><strong><em>μύρον</em></strong></span> <span class='ocrx_word' id='word_1_184' title='bbox 818 2724 1043 2813; x_wconf 79' lang='grc' dir='ltr'><strong><em>μνημονεύων</em></strong></span> <span class='ocrx_word' id='word_1_185' title='bbox 1059 2723 1187 2811; x_wconf 83' lang='grc' dir='ltr'><strong><em>Ἀχαιὸς</em></strong></span> <span class='ocrx_word' id='word_1_186' title='bbox 1208 2727 1246 2791; x_wconf 77' lang='grc' dir='ltr'><strong><em>ἐν</em></strong></span> 
     </span>
     <span class='ocr_line' id='line_1_24' title="bbox 129 2827 1200 2918; baseline -0.001 -28"><span class='ocrx_word' id='word_1_187' title='bbox 129 2831 266 2904; x_wconf 63' lang='lat' dir='ltr'>maiole</span> <span class='ocrx_word' id='word_1_188' title='bbox 288 2832 392 2912; x_wconf 84' lang='grc' dir='ltr'><strong><em>φησίν</em></strong></span> <span class='ocrx_word' id='word_1_189' title='bbox 415 2828 473 2916; x_wconf 86' lang='lat' dir='ltr'>(ef.</span> <span class='ocrx_word' id='word_1_190' title='bbox 500 2828 657 2915; x_wconf 87' lang='lat' dir='ltr'>Wagner.</span> <span class='ocrx_word' id='word_1_191' title='bbox 682 2830 860 2917; x_wconf 84' lang='lat' dir='ltr'>tragg.lll</span> <span class='ocrx_word' id='word_1_192' title='bbox 881 2854 912 2918; x_wconf 91' lang='lat' dir='ltr'>p.</span> <span class='ocrx_word' id='word_1_193' title='bbox 933 2832 1024 2893; x_wconf 77' lang='lat'>5211.</span> <span class='ocrx_word' id='word_1_194' title='bbox 1047 2828 1098 2891; x_wconf 92' lang='lat' dir='ltr'>Ill</span> <span class='ocrx_word' id='word_1_195' title='bbox 1120 2827 1200 2915; x_wconf 83' lang='lat'>[5])·</span> 
     </span>
    </p>

    <p class='ocr_par' dir='ltr' id='par_1_4' title="bbox 263 2925 967 3015">
     <span class='ocr_line' id='line_1_25' title="bbox 263 2925 967 3015; baseline 0 -21"><span class='ocrx_word' id='word_1_196' title='bbox 263 2927 450 3014; x_wconf 76' lang='grc' dir='ltr'><strong><em>ἰσάργυρόν</em></strong></span> <span class='ocrx_word' id='word_1_197' title='bbox 467 2925 497 2994; x_wconf 78' lang='grc' dir='ltr'><strong><em>τ’</em></strong></span> <span class='ocrx_word' id='word_1_198' title='bbox 524 2931 557 3007; x_wconf 77' lang='grc' dir='ltr'>ἐς</span> <span class='ocrx_word' id='word_1_199' title='bbox 576 2941 669 3015; x_wconf 77' lang='grc' dir='ltr'><strong><em>χεῖρα</em></strong></span> <span class='ocrx_word' id='word_1_200' title='bbox 686 2935 844 3014; x_wconf 76' lang='grc' dir='ltr'><strong><em>Κυπρίου</em></strong></span> <span class='ocrx_word' id='word_1_201' title='bbox 866 2935 967 2997; x_wconf 82' lang='grc' dir='ltr'><strong><em>λίθον</em></strong></span> 
     </span>
    </p>

    <p class='ocr_par' dir='ltr' id='par_1_5' title="bbox 134 3026 1245 3319">
     <span class='ocr_line' id='line_1_26' title="bbox 264 3026 1026 3115; baseline -0.004 -19"><span class='ocrx_word' id='word_1_202' title='bbox 264 3028 412 3096; x_wconf 74' lang='grc' dir='ltr'><strong><em>δώσουσι</em></strong></span> <span class='ocrx_word' id='word_1_203' title='bbox 432 3028 561 3114; x_wconf 89' lang='grc' dir='ltr'><strong><em>κόσμον</em></strong></span> <span class='ocrx_word' id='word_1_204' title='bbox 579 3028 749 3115; x_wconf 81' lang='grc' dir='ltr'><strong><em>χριμάτων</em></strong></span> <span class='ocrx_word' id='word_1_205' title='bbox 770 3026 800 3096; x_wconf 91' lang='grc' dir='ltr'><strong><em>τ’</em></strong></span> <span class='ocrx_word' id='word_1_206' title='bbox 822 3034 1026 3115; x_wconf 75' lang='grc' dir='ltr'><strong><em>Αἰγυπτίων.</em></strong></span> 
     </span>
     <span class='ocr_line' id='line_1_27' title="bbox 134 3124 1243 3219; baseline -0.005 -21"><span class='ocrx_word' id='word_1_207' title='bbox 134 3129 279 3217; x_wconf 84' lang='grc' dir='ltr'><strong><em>μήποτε,</em></strong></span> <span class='ocrx_word' id='word_1_208' title='bbox 313 3132 418 3218; x_wconf 80' lang='grc' dir='ltr'><strong><em>φησίν</em></strong></span> <span class='ocrx_word' id='word_1_209' title='bbox 447 3127 465 3197; x_wconf 86' lang='grc' dir='ltr'>ὁ</span> <span class='ocrx_word' id='word_1_210' title='bbox 496 3135 701 3217; x_wconf 75' lang='grc' dir='ltr'><strong><em>Δίδυμος,</em></strong></span> <span class='ocrx_word' id='word_1_211' title='bbox 736 3129 798 3218; x_wconf 77' lang='grc' dir='ltr'>τὴν</span> <span class='ocrx_word' id='word_1_212' title='bbox 826 3132 1038 3219; x_wconf 82' lang='grc' dir='ltr'><strong><em>καλουμένην</em></strong></span> <span class='ocrx_word' id='word_1_213' title='bbox 1065 3124 1243 3215; x_wconf 53' lang='grc' dir='ltr'><strong><em>στακτὴν)</em></strong></span> 
     </span>
     <span class='ocr_line' id='line_1_28' title="bbox 134 3229 1245 3319; baseline -0.002 -21"><span class='ocrx_word' id='word_1_214' title='bbox 134 3234 222 3317; x_wconf 80' lang='grc' dir='ltr'><strong><em>λέγει</em></strong></span> <span class='ocrx_word' id='word_1_215' title='bbox 244 3229 300 3300; x_wconf 86' lang='grc' dir='ltr'>διὰ</span> <span class='ocrx_word' id='word_1_216' title='bbox 322 3232 384 3318; x_wconf 78' lang='grc' dir='ltr'>τὴν</span> <span class='ocrx_word' id='word_1_217' title='bbox 406 3233 581 3319; x_wconf 83' lang='grc' dir='ltr'><strong><em>σμύρναν,</em></strong></span> <span class='ocrx_word' id='word_1_218' title='bbox 603 3229 647 3319; x_wconf 75' lang='grc' dir='ltr'><strong><em>ἢν</em></strong></span> <span class='ocrx_word' id='word_1_219' title='bbox 669 3238 716 3313; x_wconf 81' lang='grc' dir='ltr'>είς</span> <span class='ocrx_word' id='word_1_220' title='bbox 737 3242 912 3318; x_wconf 82' lang='grc' dir='ltr'><strong><em>Αίγνπτον</em></strong></span> <span class='ocrx_word' id='word_1_221' title='bbox 933 3236 1163 3317; x_wconf 79' lang='grc' dir='ltr'><strong><em>καταγομένην</em></strong></span> <span class='ocrx_word' id='word_1_222' title='bbox 1184 3254 1245 3296; x_wconf 87' lang='grc' dir='ltr'><strong><em>κο·</em></strong></span> 
     </span>
    </p>
   </div>
   <div class='ocr_carea' id='block_1_4' title="bbox 134 3381 1249 4401">
    <p class='ocr_par' dir='ltr' id='par_1_6' title="bbox 134 3381 1245 3714">
     <span class='ocr_line' id='line_1_29' title="bbox 206 3381 1244 3459; baseline -0.005 -18"><span class='ocrx_word' id='word_1_223' title='bbox 206 3392 231 3456; x_wconf 87' lang='lat' dir='ltr'>l)</span> <span class='ocrx_word' id='word_1_224' title='bbox 260 3392 348 3443; x_wconf 87' lang='lat' dir='ltr'>Aliam</span> <span class='ocrx_word' id='word_1_225' title='bbox 377 3393 448 3442; x_wconf 87' lang='lat' dir='ltr'>viam</span> <span class='ocrx_word' id='word_1_226' title='bbox 472 3393 612 3459; x_wconf 79' lang='lat' dir='ltr'>ingressus</span> <span class='ocrx_word' id='word_1_227' title='bbox 636 3399 677 3444; x_wconf 87' lang='lat' dir='ltr'>est</span> <span class='ocrx_word' id='word_1_228' title='bbox 700 3394 751 3443; x_wconf 88' lang='lat' dir='ltr'>Th.</span> <span class='ocrx_word' id='word_1_229' title='bbox 776 3392 923 3457; x_wconf 78' lang='lat' dir='ltr'>Berghius,</span> <span class='ocrx_word' id='word_1_230' title='bbox 953 3391 1000 3455; x_wconf 90' lang='lat' dir='ltr'>qui</span> <span class='ocrx_word' id='word_1_231' title='bbox 1029 3381 1055 3438; x_wconf 88' lang='lat' dir='ltr'>in</span> <span class='ocrx_word' id='word_1_232' title='bbox 1079 3387 1186 3438; x_wconf 84' lang='lat' dir='ltr'>schedis</span> <span class='ocrx_word' id='word_1_233' title='bbox 1211 3387 1244 3437; x_wconf 92' lang='lat' dir='ltr'>de</span> 
     </span>
     <span class='ocr_line' id='line_1_30' title="bbox 134 3475 1245 3545; baseline -0.006 -18"><span class='ocrx_word' id='word_1_234' title='bbox 134 3479 272 3543; x_wconf 86' lang='lat' dir='ltr'>Stephano</span> <span class='ocrx_word' id='word_1_235' title='bbox 291 3479 426 3545; x_wconf 82' lang='lat' dir='ltr'>Byzantio</span> <span class='ocrx_word' id='word_1_236' title='bbox 446 3481 612 3545; x_wconf 86' lang='lat' dir='ltr'>compositis,</span> <span class='ocrx_word' id='word_1_237' title='bbox 632 3495 700 3545; x_wconf 90' lang='lat' dir='ltr'>quas</span> <span class='ocrx_word' id='word_1_238' title='bbox 719 3480 815 3530; x_wconf 90' lang='lat' dir='ltr'>Ottoni</span> <span class='ocrx_word' id='word_1_239' title='bbox 833 3477 997 3529; x_wconf 89' lang='lat' dir='ltr'>Schneidero</span> <span class='ocrx_word' id='word_1_240' title='bbox 1016 3475 1165 3536; x_wconf 87' lang='lat' dir='ltr'>concessit,</span> <span class='ocrx_word' id='word_1_241' title='bbox 1186 3487 1245 3536; x_wconf 89' lang='lat' dir='ltr'>pro-</span> 
     </span>
     <span class='ocr_line' id='line_1_31' title="bbox 134 3553 1245 3631; baseline -0.005 -19"><span class='ocrx_word' id='word_1_242' title='bbox 134 3564 225 3626; x_wconf 84' lang='lat' dir='ltr'>posuit</span> <span class='ocrx_word' id='word_1_243' title='bbox 243 3553 274 3612; x_wconf 71' lang='grc' dir='ltr'><strong><em>ἐν</em></strong></span> <span class='ocrx_word' id='word_1_244' title='bbox 287 3565 348 3622; x_wconf 80' lang='grc' dir='ltr'><strong><em>τοῖς</em></strong></span> <span class='ocrx_word' id='word_1_245' title='bbox 366 3557 439 3629; x_wconf 81' lang='grc' dir='ltr'><strong><em>πρὸς</em></strong></span> <span class='ocrx_word' id='word_1_246' title='bbox 458 3556 563 3625; x_wconf 72' lang='grc' dir='ltr'><strong><em>Ἰξίονα</em></strong></span> <span class='ocrx_word' id='word_1_247' title='bbox 579 3556 805 3631; x_wconf 71' lang='grc' dir='ltr'><strong><em>ἅντεξηγήσεσιν,</em></strong></span> <span class='ocrx_word' id='word_1_248' title='bbox 825 3563 862 3612; x_wconf 81' lang='lat' dir='ltr'>cf.</span> <span class='ocrx_word' id='word_1_249' title='bbox 881 3560 1014 3611; x_wconf 85' lang='lat' dir='ltr'>Zeitschr.</span> <span class='ocrx_word' id='word_1_250' title='bbox 1034 3561 1053 3609; x_wconf 82' lang='lat' dir='ltr'>i.</span> <span class='ocrx_word' id='word_1_251' title='bbox 1066 3561 1098 3610; x_wconf 94' lang='lat' dir='ltr'>A.</span> <span class='ocrx_word' id='word_1_252' title='bbox 1112 3559 1155 3612; x_wconf 87' lang='lat' dir='ltr'>W.</span> <span class='ocrx_word' id='word_1_253' title='bbox 1178 3557 1245 3609; x_wconf 75' lang='grc'><strong>1849</strong></span> 
     </span>
     <span class='ocr_line' id='line_1_32' title="bbox 134 3645 1243 3714; baseline -0.005 -16"><span class='ocrx_word' id='word_1_254' title='bbox 134 3663 162 3698; x_wconf 88' lang='lat' dir='ltr'>n.</span> <span class='ocrx_word' id='word_1_255' title='bbox 181 3649 215 3700; x_wconf 79' lang='lat'>70</span> <span class='ocrx_word' id='word_1_256' title='bbox 233 3664 260 3713; x_wconf 89' lang='lat' dir='ltr'>p.</span> <span class='ocrx_word' id='word_1_257' title='bbox 280 3650 341 3700; x_wconf 80' lang='grc'><strong>554.</strong></span> <span class='ocrx_word' id='word_1_258' title='bbox 379 3651 456 3713; x_wconf 76' lang='lat' dir='ltr'>Qtrod</span> <span class='ocrx_word' id='word_1_259' title='bbox 476 3652 539 3702; x_wconf 82' lang='lat' dir='ltr'>ferri</span> <span class='ocrx_word' id='word_1_260' title='bbox 556 3657 662 3714; x_wconf 87' lang='lat' dir='ltr'>posset,</span> <span class='ocrx_word' id='word_1_261' title='bbox 685 3651 709 3698; x_wconf 87' lang='lat' dir='ltr'>si</span> <span class='ocrx_word' id='word_1_262' title='bbox 726 3650 759 3698; x_wconf 92' lang='lat' dir='ltr'>de</span> <span class='ocrx_word' id='word_1_263' title='bbox 777 3646 958 3711; x_wconf 77' lang='lat' dir='ltr'>Aristophane</span> <span class='ocrx_word' id='word_1_264' title='bbox 983 3645 1087 3695; x_wconf 87' lang='lat' dir='ltr'>comico</span> <span class='ocrx_word' id='word_1_265' title='bbox 1104 3648 1243 3710; x_wconf 76' lang='lat' dir='ltr'>ageretur.</span> 
     </span>
    </p>

    <p class='ocr_par' dir='ltr' id='par_1_7' title="bbox 134 3732 1249 4401">
     <span class='ocr_line' id='line_1_33' title="bbox 206 3732 1246 3799; baseline -0.005 -14"><span class='ocrx_word' id='word_1_266' title='bbox 206 3735 233 3799; x_wconf 79' lang='lat'>2)</span> <span class='ocrx_word' id='word_1_267' title='bbox 252 3735 421 3786; x_wconf 82' lang='lat' dir='ltr'>Vocabulum</span> <span class='ocrx_word' id='word_1_268' title='bbox 440 3736 491 3785; x_wconf 88' lang='lat' dir='ltr'>hoc</span> <span class='ocrx_word' id='word_1_269' title='bbox 510 3737 536 3784; x_wconf 91' lang='lat' dir='ltr'>in</span> <span class='ocrx_word' id='word_1_270' title='bbox 556 3743 671 3785; x_wconf 88' lang='lat' dir='ltr'>mentem</span> <span class='ocrx_word' id='word_1_271' title='bbox 690 3734 753 3784; x_wconf 88' lang='lat' dir='ltr'>mihi</span> <span class='ocrx_word' id='word_1_272' title='bbox 772 3738 883 3784; x_wconf 86' lang='lat' dir='ltr'>revocat</span> <span class='ocrx_word' id='word_1_273' title='bbox 903 3732 1018 3783; x_wconf 88' lang='lat' dir='ltr'>Luciani</span> <span class='ocrx_word' id='word_1_274' title='bbox 1035 3732 1124 3781; x_wconf 88' lang='lat' dir='ltr'>locum</span> <span class='ocrx_word' id='word_1_275' title='bbox 1138 3736 1246 3796; x_wconf 86' lang='lat' dir='ltr'>praeter</span> 
     </span>
     <span class='ocr_line' id='line_1_34' title="bbox 134 3806 1245 3891; baseline -0.006 -20"><span class='ocrx_word' id='word_1_276' title='bbox 134 3821 329 3871; x_wconf 87' lang='lat' dir='ltr'>necessitatem</span> <span class='ocrx_word' id='word_1_277' title='bbox 365 3821 528 3870; x_wconf 88' lang='lat' dir='ltr'>coniecturis</span> <span class='ocrx_word' id='word_1_278' title='bbox 552 3822 677 3891; x_wconf 27' lang='lat' dir='ltr'>,petitum</span> <span class='ocrx_word' id='word_1_279' title='bbox 707 3819 750 3868; x_wconf 88' lang='lat'>111</span> <span class='ocrx_word' id='word_1_280' title='bbox 776 3834 803 3882; x_wconf 88' lang='lat' dir='ltr'>p.</span> <span class='ocrx_word' id='word_1_281' title='bbox 828 3817 879 3869; x_wconf 83' lang='grc'>236</span> <span class='ocrx_word' id='word_1_282' title='bbox 911 3816 1004 3868; x_wconf 79' lang='lat' dir='ltr'>Iacbz.</span> <span class='ocrx_word' id='word_1_283' title='bbox 1037 3806 1245 3880; x_wconf 73' lang='grc' dir='ltr'><strong><em>ἀναζητοῦντος</em></strong></span> 
     </span>
     <span class='ocr_line' id='line_1_35' title="bbox 136 3891 1246 3972; baseline -0.006 -15"><span class='ocrx_word' id='word_1_284' title='bbox 136 3905 207 3972; x_wconf 74' lang='grc' dir='ltr'><strong><em>γοῦν</em></strong></span> <span class='ocrx_word' id='word_1_285' title='bbox 230 3896 301 3971; x_wconf 73' lang='grc' dir='ltr'><strong><em>ἐμοῦ</em></strong></span> <span class='ocrx_word' id='word_1_286' title='bbox 321 3902 369 3955; x_wconf 84' lang='grc' dir='ltr'><strong><em>καί</em></strong></span> <span class='ocrx_word' id='word_1_287' title='bbox 388 3899 677 3970; x_wconf 75' lang='grc' dir='ltr'><strong><em>διαπυνθανομένου,</em></strong></span> <span class='ocrx_word' id='word_1_288' title='bbox 705 3894 773 3953; x_wconf 79' lang='grc' dir='ltr'><strong><em>πότι</em></strong></span> <span class='ocrx_word' id='word_1_289' title='bbox 789 3894 821 3951; x_wconf 76' lang='lat' dir='ltr'>dl</span> <span class='ocrx_word' id='word_1_290' title='bbox 839 3891 886 3951; x_wconf 76' lang='lat' dir='ltr'>tut</span> <span class='ocrx_word' id='word_1_291' title='bbox 905 3892 956 3962; x_wconf 73' lang='lat' dir='ltr'>scie</span> <span class='ocrx_word' id='word_1_292' title='bbox 980 3895 1122 3966; x_wconf 78' lang='grc' dir='ltr'><strong><em>αίγιίρονς</em></strong></span> <span class='ocrx_word' id='word_1_293' title='bbox 1145 3892 1246 3965; x_wconf 69' lang='grc' dir='ltr'><strong><em>ἀφιξό-</em></strong></span> 
     </span>
     <span class='ocr_line' id='line_1_36' title="bbox 136 3981 1246 4058; baseline -0.006 -15"><span class='ocrx_word' id='word_1_294' title='bbox 136 3992 213 4058; x_wconf 76' lang='grc' dir='ltr'><strong><em>μεθα</em></strong></span> <span class='ocrx_word' id='word_1_295' title='bbox 230 3982 292 4049; x_wconf 71' lang='grc' dir='ltr'><strong><em>τὰς</em></strong></span> <span class='ocrx_word' id='word_1_296' title='bbox 311 3984 347 4041; x_wconf 87' lang='grc' dir='ltr'><strong><em>τδ</em></strong></span> <span class='ocrx_word' id='word_1_297' title='bbox 366 3982 512 4056; x_wconf 74' lang='grc' dir='ltr'><strong><em>ἤλεκτρον,</em></strong></span> <span class='ocrx_word' id='word_1_298' title='bbox 532 3981 632 4056; x_wconf 73' lang='grc' dir='ltr'><strong><em>ἐγέλων</em></strong></span> <span class='ocrx_word' id='word_1_299' title='bbox 650 3982 680 4038; x_wconf 91' lang='grc' dir='ltr'>οί</span> <span class='ocrx_word' id='word_1_300' title='bbox 698 3986 809 4039; x_wconf 77' lang='grc' dir='ltr'><strong><em>ναῦται.</em></strong></span> <span class='ocrx_word' id='word_1_301' title='bbox 845 3990 891 4040; x_wconf 85' lang='lat' dir='ltr'>Sic</span> <span class='ocrx_word' id='word_1_302' title='bbox 903 3988 1000 4039; x_wconf 81' lang='lat' dir='ltr'>ABFK</span> <span class='ocrx_word' id='word_1_303' title='bbox 1018 3987 1079 4038; x_wconf 92' lang='lat' dir='ltr'>Ald.</span> <span class='ocrx_word' id='word_1_304' title='bbox 1114 3987 1246 4052; x_wconf 86' lang='lat' dir='ltr'>Reliquae</span> 
     </span>
     <span class='ocr_line' id='line_1_37' title="bbox 134 4065 1246 4142; baseline -0.004 -15"><span class='ocrx_word' id='word_1_305' title='bbox 134 4074 185 4137; x_wconf 79' lang='grc' dir='ltr'><strong><em>τὰς</em></strong></span> <span class='ocrx_word' id='word_1_306' title='bbox 209 4070 241 4128; x_wconf 78' lang='grc' dir='ltr'><strong><em>τὸ</em></strong></span> <span class='ocrx_word' id='word_1_307' title='bbox 264 4069 402 4142; x_wconf 79' lang='grc' dir='ltr'><strong><em>ἤλεκτρον</em></strong></span> <span class='ocrx_word' id='word_1_308' title='bbox 426 4068 602 4133; x_wconf 75' lang='grc' dir='ltr'><strong><em>ἐκδιδοότας.</em></strong></span> <span class='ocrx_word' id='word_1_309' title='bbox 644 4075 737 4125; x_wconf 88' lang='lat' dir='ltr'>Possis</span> <span class='ocrx_word' id='word_1_310' title='bbox 765 4065 928 4135; x_wconf 71' lang='grc' dir='ltr'><strong><em>σταζοόσας.</em></strong></span> <span class='ocrx_word' id='word_1_311' title='bbox 971 4072 1025 4124; x_wconf 81' lang='lat' dir='ltr'>Sed</span> <span class='ocrx_word' id='word_1_312' title='bbox 1053 4073 1147 4138; x_wconf 88' lang='lat' dir='ltr'>utique</span> <span class='ocrx_word' id='word_1_313' title='bbox 1173 4078 1246 4123; x_wconf 91' lang='lat' dir='ltr'>recte</span> 
     </span>
     <span class='ocr_line' id='line_1_38' title="bbox 136 4149 1247 4230; baseline -0.005 -16"><span class='ocrx_word' id='word_1_314' title='bbox 136 4165 218 4216; x_wconf 89' lang='lat' dir='ltr'>habet</span> <span class='ocrx_word' id='word_1_315' title='bbox 240 4165 323 4217; x_wconf 85' lang='lat' dir='ltr'>lectio</span> <span class='ocrx_word' id='word_1_316' title='bbox 350 4164 579 4230; x_wconf 79' lang='lat' dir='ltr'>praestantissimi</span> <span class='ocrx_word' id='word_1_317' title='bbox 607 4162 667 4212; x_wconf 92' lang='lat' dir='ltr'>cod.</span> <span class='ocrx_word' id='word_1_318' title='bbox 694 4161 768 4214; x_wconf 81' lang='lat' dir='ltr'>Gorl.</span> <span class='ocrx_word' id='word_1_319' title='bbox 789 4162 821 4211; x_wconf 87' lang='lat' dir='ltr'>A.</span> <span class='ocrx_word' id='word_1_320' title='bbox 845 4152 895 4217; x_wconf 80' lang='grc' dir='ltr'><strong><em>τοὶς</em></strong></span> <span class='ocrx_word' id='word_1_321' title='bbox 922 4152 964 4211; x_wconf 85' lang='grc' dir='ltr'><strong><em>τό.</em></strong></span> <span class='ocrx_word' id='word_1_322' title='bbox 1001 4160 1096 4223; x_wconf 81' lang='lat' dir='ltr'>Neque</span> <span class='ocrx_word' id='word_1_323' title='bbox 1114 4160 1142 4209; x_wconf 90' lang='lat' dir='ltr'>in</span> <span class='ocrx_word' id='word_1_324' title='bbox 1160 4149 1247 4209; x_wconf 87' lang='lat' dir='ltr'>altero</span> 
     </span>
     <span class='ocr_line' id='line_1_39' title="bbox 136 4244 1249 4312; baseline -0.005 -12"><span class='ocrx_word' id='word_1_325' title='bbox 136 4251 251 4302; x_wconf 86' lang='lat' dir='ltr'>Luciani</span> <span class='ocrx_word' id='word_1_326' title='bbox 269 4252 329 4312; x_wconf 84' lang='lat' dir='ltr'>loco</span> <span class='ocrx_word' id='word_1_327' title='bbox 347 4252 411 4303; x_wconf 86' lang='lat' dir='ltr'>huic</span> <span class='ocrx_word' id='word_1_328' title='bbox 429 4250 565 4303; x_wconf 85' lang='lat' dir='ltr'>simillimo</span> <span class='ocrx_word' id='word_1_329' title='bbox 590 4250 663 4300; x_wconf 88' lang='lat' dir='ltr'>iusta</span> <span class='ocrx_word' id='word_1_330' title='bbox 688 4254 747 4299; x_wconf 84' lang='lat' dir='ltr'>erat</span> <span class='ocrx_word' id='word_1_331' title='bbox 773 4263 884 4309; x_wconf 87' lang='lat' dir='ltr'>caussa,</span> <span class='ocrx_word' id='word_1_332' title='bbox 913 4262 960 4297; x_wconf 90' lang='lat' dir='ltr'>cur</span> <span class='ocrx_word' id='word_1_333' title='bbox 978 4245 1142 4296; x_wconf 84' lang='lat' dir='ltr'>novissimus</span> <span class='ocrx_word' id='word_1_334' title='bbox 1160 4244 1249 4295; x_wconf 90' lang='lat' dir='ltr'>editor</span> 
     </span>
     <span class='ocr_line' id='line_1_40' title="bbox 137 4322 1247 4401; baseline -0.006 -15"><span class='ocrx_word' id='word_1_335' title='bbox 137 4353 154 4386; x_wconf 89' lang='lat' dir='ltr'>s</span> <span class='ocrx_word' id='word_1_336' title='bbox 177 4336 244 4389; x_wconf 87' lang='lat' dir='ltr'>libb.</span> <span class='ocrx_word' id='word_1_337' title='bbox 266 4337 383 4391; x_wconf 88' lang='lat' dir='ltr'>lectione</span> <span class='ocrx_word' id='word_1_338' title='bbox 405 4339 543 4391; x_wconf 84' lang='lat' dir='ltr'>recederet</span> <span class='ocrx_word' id='word_1_339' title='bbox 562 4336 606 4391; x_wconf 89' lang='lat'>111</span> <span class='ocrx_word' id='word_1_340' title='bbox 628 4352 656 4401; x_wconf 86' lang='grc' dir='ltr'>ρ.</span> <span class='ocrx_word' id='word_1_341' title='bbox 675 4334 837 4388; x_wconf 80' lang='lat' dir='ltr'>3381acbz.</span> <span class='ocrx_word' id='word_1_342' title='bbox 868 4328 917 4382; x_wconf 74' lang='grc' dir='ltr'><strong><em>καί</em></strong></span> <span class='ocrx_word' id='word_1_343' title='bbox 935 4330 1064 4382; x_wconf 81' lang='grc' dir='ltr'><strong><em>Δαναοῖο</em></strong></span> <span class='ocrx_word' id='word_1_344' title='bbox 1082 4324 1169 4396; x_wconf 81' lang='grc' dir='ltr'><strong><em>κόρας</em></strong></span> <span class='ocrx_word' id='word_1_345' title='bbox 1186 4322 1247 4388; x_wconf 75' lang='grc' dir='ltr'><strong><em>τὰς</em></strong></span> 
     </span>
    </p>
   </div>
   <div class='ocr_carea' id='block_1_5' title="bbox 186 4409 1040 4487">
    <p class='ocr_par' dir='ltr' id='par_1_8' title="bbox 186 4409 1040 4487">
     <span class='ocr_line' id='line_1_41' title="bbox 186 4409 1040 4487; baseline 0.012 -4"><span class='ocrx_word' id='word_1_346' title='bbox 186 4442 347 4487; x_wconf 69' lang='lat' dir='ltr'>uibratus.</span> <span class='ocrx_word' id='word_1_347' title='bbox 999 4409 1040 4473; x_wconf 72' lang='lat'>20</span> 
     </span>
    </p>
   </div>
   <div class='ocr_carea' id='block_1_6' title="bbox 0 0 1487 5018">
    <p class='ocr_par' dir='ltr' id='par_1_9' title="bbox 0 0 1487 5018">
     <span class='ocr_line' id='line_1_42' title="bbox 0 0 1487 5018; baseline 0 0"><span class='ocrx_word' id='word_1_348' title='bbox 0 0 1487 5018; x_wconf 95' lang='lat' dir='ltr'> </span> 
     </span>
    </p>
   </div>
  </div>
 </body>
</html>
